Ticker,Time,Bid,Ask
GOOG,01.01.2014 00:00:01.449,699.99000,700.01000
GOOG,01.01.2014 00:00:02.914,699.98998,700.01002
GOOG,01.01.2014 00:00:04.291,699.98998,700.01002
GOOG,01.01.2014 00:00:05.848,699.98997,700.01003
GOOG,01.01.2014 00:00:07.201,699.98996,700.01004
GOOG,01.01.2014 00:00:08.555,699.98997,700.01003
GOOG,01.01.2014 00:00:09.979,699.99000,700.01000
GOOG,01.01.2014 00:00:11.207,699.99000,700.01000
GOOG,01.01.2014 00:00:12.506,699.99000,700.01000
GOOG,01.01.2014 00:00:13.815,699.99002,700.00998
GOOG,01.01.2014 00:00:15.361,699.99003,700.00997
GOOG,01.01.2014 00:00:16.768,699.99005,700.00995
GOOG,01.01.2014 00:00:18.114,699.99005,700.00995
GOOG,01.01.2014 00:00:19.399,699.99004,700.00996
GOOG,01.01.2014 00:00:20.738,699.99005,700.00995
GOOG,01.01.2014 00:00:22.078,699.99002,700.00998
GOOG,01.01.2014 00:00:23.477,699.99003,700.00997
GOOG,01.01.2014 00:00:24.959,699.99006,700.00994
GOOG,01.01.2014 00:00:26.380,699.99009,700.00991
GOOG,01.01.2014 00:00:27.647,699.99008,700.00992
GOOG,01.01.2014 00:00:29.121,699.99008,700.00992
GOOG,01.01.2014 00:00:30.510,699.99009,700.00991
GOOG,01.01.2014 00:00:31.762,699.99010,700.00990
GOOG,01.01.2014 00:00:33.116,699.99008,700.00992
GOOG,01.01.2014 00:00:34.550,699.99011,700.00989
GOOG,01.01.2014 00:00:35.982,699.99012,700.00988
GOOG,01.01.2014 00:00:37.315,699.99011,700.00989
GOOG,01.01.2014 00:00:38.818,699.99009,700.00991
GOOG,01.01.2014 00:00:40.134,699.99010,700.00990
GOOG,01.01.2014 00:00:41.567,699.99008,700.00992
GOOG,01.01.2014 00:00:42.919,699.99008,700.00992
GOOG,01.01.2014 00:00:44.208,699.99010,700.00990
GOOG,01.01.2014 00:00:45.690,699.99008,700.00992
GOOG,01.01.2014 00:00:47.083,699.99006,700.00994
GOOG,01.01.2014 00:00:48.519,699.99007,700.00993
GOOG,01.01.2014 00:00:49.955,699.99005,700.00995
GOOG,01.01.2014 00:00:51.351,699.99002,700.00998
GOOG,01.01.2014 00:00:52.489,699.99001,700.00999
GOOG,01.01.2014 00:00:53.898,699.99001,700.00999
GOOG,01.01.2014 00:00:55.307,699.99005,700.00995
GOOG,01.01.2014 00:00:56.685,699.99004,700.00996
GOOG,01.01.2014 00:00:58.233,699.99005,700.00995
GOOG,01.01.2014 00:00:59.552,699.99006,700.00994
GOOG,01.01.2014 00:01:01.044,699.99005,700.00995
GOOG,01.01.2014 00:01:02.391,699.99004,700.00996
GOOG,01.01.2014 00:01:03.800,699.99003,700.00997
GOOG,01.01.2014 00:01:05.130,699.99003,700.00997
GOOG,01.01.2014 00:01:06.491,699.99006,700.00994
GOOG,01.01.2014 00:01:07.921,699.99005,700.00995
GOOG,01.01.2014 00:01:09.321,699.99006,700.00994
GOOG,01.01.2014 00:01:10.580,699.99006,700.00994
GOOG,01.01.2014 00:01:11.945,699.99007,700.00993
GOOG,01.01.2014 00:01:13.329,699.99007,700.00993
GOOG,01.01.2014 00:01:14.918,699.99006,700.00994
GOOG,01.01.2014 00:01:16.344,699.99007,700.00993
GOOG,01.01.2014 00:01:17.552,699.99007,700.00993
GOOG,01.01.2014 00:01:18.958,699.99003,700.00997
GOOG,01.01.2014 00:01:20.338,699.99002,700.00998
GOOG,01.01.2014 00:01:21.735,699.99004,700.00996
GOOG,01.01.2014 00:01:23.249,699.99003,700.00997
GOOG,01.01.2014 00:01:24.728,699.99004,700.00996
GOOG,01.01.2014 00:01:26.269,699.99007,700.00993
GOOG,01.01.2014 00:01:27.727,699.99003,700.00997
GOOG,01.01.2014 00:01:29.028,699.99004,700.00996
GOOG,01.01.2014 00:01:30.438,699.99005,700.00995
GOOG,01.01.2014 00:01:31.683,699.99005,700.00995
GOOG,01.01.2014 00:01:32.977,699.99004,700.00996
GOOG,01.01.2014 00:01:34.285,699.99002,700.00998
GOOG,01.01.2014 00:01:35.607,699.99002,700.00998
GOOG,01.01.2014 00:01:37.088,699.99004,700.00996
GOOG,01.01.2014 00:01:38.511,699.99002,700.00998
GOOG,01.01.2014 00:01:39.750,699.99002,700.00998
GOOG,01.01.2014 00:01:41.176,699.99001,700.00999
GOOG,01.01.2014 00:01:42.452,699.99002,700.00998
GOOG,01.01.2014 00:01:43.905,699.99002,700.00998
GOOG,01.01.2014 00:01:45.330,699.99001,700.00999
GOOG,01.01.2014 00:01:46.662,699.99001,700.00999
GOOG,01.01.2014 00:01:48.091,699.99002,700.00998
GOOG,01.01.2014 00:01:49.677,699.99001,700.00999
GOOG,01.01.2014 00:01:50.958,699.99000,700.01000
GOOG,01.01.2014 00:01:52.261,699.98999,700.01001
GOOG,01.01.2014 00:01:53.777,699.99001,700.00999
GOOG,01.01.2014 00:01:55.273,699.99000,700.01000
GOOG,01.01.2014 00:01:56.755,699.98997,700.01003
GOOG,01.01.2014 00:01:58.131,699.98998,700.01002
GOOG,01.01.2014 00:01:59.442,699.98999,700.01001
GOOG,01.01.2014 00:02:00.834,699.98999,700.01001
GOOG,01.01.2014 00:02:02.262,699.98997,700.01003
GOOG,01.01.2014 00:02:03.663,699.98995,700.01005
GOOG,01.01.2014 00:02:05.037,699.98990,700.01010
GOOG,01.01.2014 00:02:06.499,699.98992,700.01008
GOOG,01.01.2014 00:02:07.792,699.98991,700.01009
GOOG,01.01.2014 00:02:09.170,699.98990,700.01010
GOOG,01.01.2014 00:02:10.617,699.98990,700.01010
GOOG,01.01.2014 00:02:11.932,699.98993,700.01007
GOOG,01.01.2014 00:02:13.288,699.98991,700.01009
GOOG,01.01.2014 00:02:14.709,699.98993,700.01007
GOOG,01.01.2014 00:02:16.126,699.98993,700.01007
GOOG,01.01.2014 00:02:17.438,699.98992,700.01008
GOOG,01.01.2014 00:02:18.844,699.98994,700.01006
GOOG,01.01.2014 00:02:20.280,699.98993,700.01007
GOOG,01.01.2014 00:02:21.788,699.98991,700.01009
GOOG,01.01.2014 00:02:23.050,699.98993,700.01007
GOOG,01.01.2014 00:02:24.502,699.98992,700.01008
GOOG,01.01.2014 00:02:25.953,699.98985,700.01015
GOOG,01.01.2014 00:02:27.410,699.98984,700.01016
GOOG,01.01.2014 00:02:28.906,699.98982,700.01018
GOOG,01.01.2014 00:02:30.274,699.98981,700.01019
GOOG,01.01.2014 00:02:31.597,699.98982,700.01018
GOOG,01.01.2014 00:02:32.948,699.98981,700.01019
GOOG,01.01.2014 00:02:34.580,699.98985,700.01015
GOOG,01.01.2014 00:02:36.048,699.98988,700.01012
GOOG,01.01.2014 00:02:37.401,699.98986,700.01014
GOOG,01.01.2014 00:02:38.808,699.98988,700.01012
GOOG,01.01.2014 00:02:40.136,699.98987,700.01013
GOOG,01.01.2014 00:02:41.463,699.98986,700.01014
GOOG,01.01.2014 00:02:42.868,699.98987,700.01013
GOOG,01.01.2014 00:02:44.482,699.98986,700.01014
GOOG,01.01.2014 00:02:45.680,699.98986,700.01014
GOOG,01.01.2014 00:02:47.013,699.98985,700.01015
GOOG,01.01.2014 00:02:48.334,699.98985,700.01015
GOOG,01.01.2014 00:02:49.785,699.98983,700.01017
GOOG,01.01.2014 00:02:51.065,699.98984,700.01016
GOOG,01.01.2014 00:02:52.417,699.98985,700.01015
GOOG,01.01.2014 00:02:53.994,699.98984,700.01016
GOOG,01.01.2014 00:02:55.268,699.98983,700.01017
GOOG,01.01.2014 00:02:56.880,699.98981,700.01019
GOOG,01.01.2014 00:02:58.128,699.98982,700.01018
GOOG,01.01.2014 00:02:59.654,699.98983,700.01017
GOOG,01.01.2014 00:03:01.099,699.98982,700.01018
GOOG,01.01.2014 00:03:02.406,699.98982,700.01018
GOOG,01.01.2014 00:03:03.482,699.98983,700.01017
GOOG,01.01.2014 00:03:04.857,699.98985,700.01015
GOOG,01.01.2014 00:03:06.420,699.98988,700.01012
GOOG,01.01.2014 00:03:07.776,699.98987,700.01013
GOOG,01.01.2014 00:03:09.320,699.98990,700.01010
GOOG,01.01.2014 00:03:10.836,699.98990,700.01010
GOOG,01.01.2014 00:03:12.138,699.98989,700.01011
GOOG,01.01.2014 00:03:13.558,699.98990,700.01010
GOOG,01.01.2014 00:03:14.965,699.98991,700.01009
GOOG,01.01.2014 00:03:16.377,699.98990,700.01010
GOOG,01.01.2014 00:03:17.935,699.98992,700.01008
GOOG,01.01.2014 00:03:19.548,699.98996,700.01004
GOOG,01.01.2014 00:03:20.933,699.98995,700.01005
GOOG,01.01.2014 00:03:22.361,699.98996,700.01004
GOOG,01.01.2014 00:03:23.741,699.98996,700.01004
GOOG,01.01.2014 00:03:25.082,699.98995,700.01005
GOOG,01.01.2014 00:03:26.517,699.98996,700.01004
GOOG,01.01.2014 00:03:28.007,699.98996,700.01004
GOOG,01.01.2014 00:03:29.489,699.98995,700.01005
GOOG,01.01.2014 00:03:30.806,699.98996,700.01004
GOOG,01.01.2014 00:03:32.280,699.98994,700.01006
GOOG,01.01.2014 00:03:33.678,699.98994,700.01006
GOOG,01.01.2014 00:03:35.206,699.98995,700.01005
GOOG,01.01.2014 00:03:36.661,699.98996,700.01004
GOOG,01.01.2014 00:03:38.039,699.98994,700.01006
GOOG,01.01.2014 00:03:39.522,699.98993,700.01007
GOOG,01.01.2014 00:03:41.052,699.98992,700.01008
GOOG,01.01.2014 00:03:42.520,699.98993,700.01007
GOOG,01.01.2014 00:03:43.953,699.98993,700.01007
GOOG,01.01.2014 00:03:45.362,699.98992,700.01008
GOOG,01.01.2014 00:03:46.681,699.98989,700.01011
GOOG,01.01.2014 00:03:47.980,699.98991,700.01009
GOOG,01.01.2014 00:03:49.496,699.98990,700.01010
GOOG,01.01.2014 00:03:50.958,699.98988,700.01012
GOOG,01.01.2014 00:03:52.357,699.98990,700.01010
GOOG,01.01.2014 00:03:53.765,699.98991,700.01009
GOOG,01.01.2014 00:03:55.262,699.98991,700.01009
GOOG,01.01.2014 00:03:56.580,699.98992,700.01008
GOOG,01.01.2014 00:03:58.021,699.98993,700.01007
GOOG,01.01.2014 00:03:59.339,699.98992,700.01008
GOOG,01.01.2014 00:04:00.763,699.98993,700.01007
GOOG,01.01.2014 00:04:02.116,699.98993,700.01007
GOOG,01.01.2014 00:04:03.371,699.98995,700.01005
GOOG,01.01.2014 00:04:04.699,699.98995,700.01005
GOOG,01.01.2014 00:04:06.130,699.98993,700.01007
GOOG,01.01.2014 00:04:07.616,699.98993,700.01007
GOOG,01.01.2014 00:04:09.014,699.98995,700.01005
GOOG,01.01.2014 00:04:10.412,699.98995,700.01005
GOOG,01.01.2014 00:04:11.845,699.98996,700.01004
GOOG,01.01.2014 00:04:13.297,699.98994,700.01006
GOOG,01.01.2014 00:04:14.686,699.98993,700.01007
GOOG,01.01.2014 00:04:16.155,699.98994,700.01006
GOOG,01.01.2014 00:04:17.577,699.98994,700.01006
GOOG,01.01.2014 00:04:18.987,699.98995,700.01005
GOOG,01.01.2014 00:04:20.389,699.98994,700.01006
GOOG,01.01.2014 00:04:21.935,699.98993,700.01007
GOOG,01.01.2014 00:04:23.550,699.98994,700.01006
GOOG,01.01.2014 00:04:25.037,699.98994,700.01006
GOOG,01.01.2014 00:04:26.656,699.98995,700.01005
GOOG,01.01.2014 00:04:27.972,699.98996,700.01004
GOOG,01.01.2014 00:04:29.160,699.98997,700.01003
GOOG,01.01.2014 00:04:30.484,699.98997,700.01003
GOOG,01.01.2014 00:04:31.918,699.98994,700.01006
GOOG,01.01.2014 00:04:33.413,699.98995,700.01005
GOOG,01.01.2014 00:04:34.723,699.98994,700.01006
GOOG,01.01.2014 00:04:35.991,699.98991,700.01009
GOOG,01.01.2014 00:04:37.509,699.98992,700.01008
GOOG,01.01.2014 00:04:38.738,699.98990,700.01010
GOOG,01.01.2014 00:04:40.126,699.98988,700.01012
GOOG,01.01.2014 00:04:41.367,699.98989,700.01011
GOOG,01.01.2014 00:04:42.767,699.98989,700.01011
GOOG,01.01.2014 00:04:44.122,699.98988,700.01012
GOOG,01.01.2014 00:04:45.416,699.98988,700.01012
GOOG,01.01.2014 00:04:46.828,699.98987,700.01013
GOOG,01.01.2014 00:04:48.299,699.98989,700.01011
GOOG,01.01.2014 00:04:49.545,699.98987,700.01013
GOOG,01.01.2014 00:04:50.979,699.98989,700.01011
GOOG,01.01.2014 00:04:52.534,699.98988,700.01012
GOOG,01.01.2014 00:04:54.052,699.98988,700.01012
GOOG,01.01.2014 00:04:55.658,699.98985,700.01015
GOOG,01.01.2014 00:04:57.033,699.98983,700.01017
GOOG,01.01.2014 00:04:58.497,699.98981,700.01019
GOOG,01.01.2014 00:04:59.801,699.98980,700.01020
GOOG,01.01.2014 00:05:01.307,699.98983,700.01017
GOOG,01.01.2014 00:05:02.588,699.98986,700.01014
GOOG,01.01.2014 00:05:03.962,699.98985,700.01015
GOOG,01.01.2014 00:05:05.512,699.98985,700.01015
GOOG,01.01.2014 00:05:07.075,699.98987,700.01013
GOOG,01.01.2014 00:05:08.304,699.98987,700.01013
GOOG,01.01.2014 00:05:09.743,699.98987,700.01013
GOOG,01.01.2014 00:05:10.936,699.98988,700.01012
GOOG,01.01.2014 00:05:12.205,699.98987,700.01013
GOOG,01.01.2014 00:05:13.642,699.98988,700.01012
GOOG,01.01.2014 00:05:14.991,699.98990,700.01010
GOOG,01.01.2014 00:05:16.384,699.98988,700.01012
GOOG,01.01.2014 00:05:17.686,699.98988,700.01012
GOOG,01.01.2014 00:05:19.033,699.98989,700.01011
GOOG,01.01.2014 00:05:20.422,699.98990,700.01010
GOOG,01.01.2014 00:05:21.767,699.98992,700.01008
GOOG,01.01.2014 00:05:23.363,699.98992,700.01008
GOOG,01.01.2014 00:05:24.693,699.98992,700.01008
GOOG,01.01.2014 00:05:26.082,699.98992,700.01008
GOOG,01.01.2014 00:05:27.544,699.98991,700.01009
GOOG,01.01.2014 00:05:28.890,699.98992,700.01008
GOOG,01.01.2014 00:05:30.263,699.98996,700.01004
GOOG,01.01.2014 00:05:31.511,699.98994,700.01006
GOOG,01.01.2014 00:05:33.076,699.98994,700.01006
GOOG,01.01.2014 00:05:34.534,699.98993,700.01007
GOOG,01.01.2014 00:05:36.241,699.98991,700.01009
GOOG,01.01.2014 00:05:37.629,699.98993,700.01007
GOOG,01.01.2014 00:05:38.868,699.98993,700.01007
GOOG,01.01.2014 00:05:40.192,699.98995,700.01005
GOOG,01.01.2014 00:05:41.528,699.98996,700.01004
GOOG,01.01.2014 00:05:43.096,699.98995,700.01005
GOOG,01.01.2014 00:05:44.496,699.98992,700.01008
GOOG,01.01.2014 00:05:45.903,699.98994,700.01006
GOOG,01.01.2014 00:05:47.456,699.98993,700.01007
GOOG,01.01.2014 00:05:48.752,699.98993,700.01007
GOOG,01.01.2014 00:05:50.064,699.98995,700.01005
GOOG,01.01.2014 00:05:51.557,699.98992,700.01008
GOOG,01.01.2014 00:05:52.817,699.98991,700.01009
GOOG,01.01.2014 00:05:54.152,699.98992,700.01008
GOOG,01.01.2014 00:05:55.493,699.98993,700.01007
GOOG,01.01.2014 00:05:56.898,699.98995,700.01005
GOOG,01.01.2014 00:05:58.325,699.98995,700.01005
GOOG,01.01.2014 00:05:59.701,699.98996,700.01004
GOOG,01.01.2014 00:06:01.043,699.98995,700.01005
GOOG,01.01.2014 00:06:02.493,699.98997,700.01003
GOOG,01.01.2014 00:06:03.903,699.98995,700.01005
GOOG,01.01.2014 00:06:05.136,699.98995,700.01005
GOOG,01.01.2014 00:06:06.470,699.98994,700.01006
GOOG,01.01.2014 00:06:07.794,699.98996,700.01004
GOOG,01.01.2014 00:06:09.031,699.98996,700.01004
GOOG,01.01.2014 00:06:10.457,699.98998,700.01002
GOOG,01.01.2014 00:06:11.921,699.99001,700.00999
GOOG,01.01.2014 00:06:13.314,699.99003,700.00997
GOOG,01.01.2014 00:06:14.649,699.99003,700.00997
GOOG,01.01.2014 00:06:15.963,699.99003,700.00997
GOOG,01.01.2014 00:06:17.464,699.99004,700.00996
GOOG,01.01.2014 00:06:18.947,699.99006,700.00994
GOOG,01.01.2014 00:06:20.400,699.99004,700.00996
GOOG,01.01.2014 00:06:21.553,699.99005,700.00995
GOOG,01.01.2014 00:06:23.011,699.99005,700.00995
GOOG,01.01.2014 00:06:24.448,699.99006,700.00994
GOOG,01.01.2014 00:06:25.856,699.99006,700.00994
GOOG,01.01.2014 00:06:27.373,699.99006,700.00994
GOOG,01.01.2014 00:06:28.807,699.99007,700.00993
GOOG,01.01.2014 00:06:30.158,699.99007,700.00993
GOOG,01.01.2014 00:06:31.598,699.99008,700.00992
GOOG,01.01.2014 00:06:33.027,699.99004,700.00996
GOOG,01.01.2014 00:06:34.514,699.99005,700.00995
GOOG,01.01.2014 00:06:36.034,699.99006,700.00994
GOOG,01.01.2014 00:06:37.230,699.99007,700.00993
GOOG,01.01.2014 00:06:38.443,699.99008,700.00992
GOOG,01.01.2014 00:06:39.845,699.99005,700.00995
GOOG,01.01.2014 00:06:41.278,699.99005,700.00995
GOOG,01.01.2014 00:06:42.760,699.99009,700.00991
GOOG,01.01.2014 00:06:44.184,699.99008,700.00992
GOOG,01.01.2014 00:06:45.436,699.99006,700.00994
GOOG,01.01.2014 00:06:46.870,699.99007,700.00993
GOOG,01.01.2014 00:06:48.333,699.99003,700.00997
GOOG,01.01.2014 00:06:49.751,699.99003,700.00997
GOOG,01.01.2014 00:06:51.106,699.99004,700.00996
GOOG,01.01.2014 00:06:52.589,699.99005,700.00995
GOOG,01.01.2014 00:06:53.996,699.99006,700.00994
GOOG,01.01.2014 00:06:55.444,699.99006,700.00994
GOOG,01.01.2014 00:06:56.947,699.99006,700.00994
GOOG,01.01.2014 00:06:58.320,699.99008,700.00992
GOOG,01.01.2014 00:06:59.676,699.99007,700.00993
GOOG,01.01.2014 00:07:01.152,699.99009,700.00991
GOOG,01.01.2014 00:07:02.639,699.99007,700.00993
GOOG,01.01.2014 00:07:04.080,699.99004,700.00996
GOOG,01.01.2014 00:07:05.403,699.99005,700.00995
GOOG,01.01.2014 00:07:06.625,699.99003,700.00997
GOOG,01.01.2014 00:07:08.090,699.99003,700.00997
GOOG,01.01.2014 00:07:09.518,699.99005,700.00995
GOOG,01.01.2014 00:07:11.163,699.99005,700.00995
GOOG,01.01.2014 00:07:12.574,699.99004,700.00996
GOOG,01.01.2014 00:07:14.022,699.99003,700.00997
GOOG,01.01.2014 00:07:15.343,699.99003,700.00997
GOOG,01.01.2014 00:07:16.931,699.99000,700.01000
GOOG,01.01.2014 00:07:18.490,699.99001,700.00999
GOOG,01.01.2014 00:07:19.791,699.99001,700.00999
GOOG,01.01.2014 00:07:21.197,699.99000,700.01000
GOOG,01.01.2014 00:07:22.428,699.98997,700.01003
GOOG,01.01.2014 00:07:23.812,699.98998,700.01002
GOOG,01.01.2014 00:07:25.111,699.99001,700.00999
GOOG,01.01.2014 00:07:26.593,699.99001,700.00999
GOOG,01.01.2014 00:07:27.864,699.99002,700.00998
GOOG,01.01.2014 00:07:29.230,699.99000,700.01000
GOOG,01.01.2014 00:07:30.604,699.99002,700.00998
GOOG,01.01.2014 00:07:31.980,699.99003,700.00997
GOOG,01.01.2014 00:07:33.110,699.99003,700.00997
GOOG,01.01.2014 00:07:34.487,699.99002,700.00998
GOOG,01.01.2014 00:07:36.072,699.98999,700.01001
GOOG,01.01.2014 00:07:37.445,699.99001,700.00999
GOOG,01.01.2014 00:07:39.102,699.99001,700.00999
GOOG,01.01.2014 00:07:40.504,699.99001,700.00999
GOOG,01.01.2014 00:07:41.924,699.99001,700.00999
GOOG,01.01.2014 00:07:43.266,699.99002,700.00998
GOOG,01.01.2014 00:07:44.663,699.99003,700.00997
GOOG,01.01.2014 00:07:45.992,699.99003,700.00997
GOOG,01.01.2014 00:07:47.366,699.99001,700.00999
GOOG,01.01.2014 00:07:48.501,699.98999,700.01001
GOOG,01.01.2014 00:07:50.026,699.99003,700.00997
GOOG,01.01.2014 00:07:51.391,699.99003,700.00997
GOOG,01.01.2014 00:07:52.651,699.99005,700.00995
GOOG,01.01.2014 00:07:53.940,699.99002,700.00998
GOOG,01.01.2014 00:07:55.433,699.99000,700.01000
GOOG,01.01.2014 00:07:56.905,699.99002,700.00998
GOOG,01.01.2014 00:07:58.253,699.99001,700.00999
GOOG,01.01.2014 00:07:59.531,699.99000,700.01000
GOOG,01.01.2014 00:08:00.907,699.99000,700.01000
GOOG,01.01.2014 00:08:02.378,699.99000,700.01000
GOOG,01.01.2014 00:08:03.742,699.98998,700.01002
GOOG,01.01.2014 00:08:05.034,699.98997,700.01003
GOOG,01.01.2014 00:08:06.493,699.98997,700.01003
GOOG,01.01.2014 00:08:07.925,699.99000,700.01000
GOOG,01.01.2014 00:08:09.418,699.99000,700.01000
GOOG,01.01.2014 00:08:10.766,699.98998,700.01002
GOOG,01.01.2014 00:08:12.095,699.99000,700.01000
GOOG,01.01.2014 00:08:13.339,699.98999,700.01001
GOOG,01.01.2014 00:08:14.611,699.98997,700.01003
GOOG,01.01.2014 00:08:15.803,699.98995,700.01005
GOOG,01.01.2014 00:08:17.224,699.98995,700.01005
GOOG,01.01.2014 00:08:18.570,699.98994,700.01006
GOOG,01.01.2014 00:08:19.966,699.98992,700.01008
GOOG,01.01.2014 00:08:21.378,699.98992,700.01008
GOOG,01.01.2014 00:08:22.741,699.98992,700.01008
GOOG,01.01.2014 00:08:24.172,699.98995,700.01005
GOOG,01.01.2014 00:08:25.437,699.98994,700.01006
GOOG,01.01.2014 00:08:26.854,699.98994,700.01006
GOOG,01.01.2014 00:08:28.256,699.98994,700.01006
GOOG,01.01.2014 00:08:29.602,699.98995,700.01005
GOOG,01.01.2014 00:08:31.022,699.98996,700.01004
GOOG,01.01.2014 00:08:32.462,699.98999,700.01001
GOOG,01.01.2014 00:08:33.965,699.98998,700.01002
GOOG,01.01.2014 00:08:35.391,699.98997,700.01003
GOOG,01.01.2014 00:08:36.958,699.98995,700.01005
GOOG,01.01.2014 00:08:38.173,699.98997,700.01003
GOOG,01.01.2014 00:08:39.511,699.98997,700.01003
GOOG,01.01.2014 00:08:40.963,699.98998,700.01002
GOOG,01.01.2014 00:08:42.381,699.98999,700.01001
GOOG,01.01.2014 00:08:43.720,699.99001,700.00999
GOOG,01.01.2014 00:08:45.028,699.99003,700.00997
GOOG,01.01.2014 00:08:46.330,699.99002,700.00998
GOOG,01.01.2014 00:08:47.635,699.98998,700.01002
GOOG,01.01.2014 00:08:49.085,699.98998,700.01002
GOOG,01.01.2014 00:08:50.399,699.98997,700.01003
GOOG,01.01.2014 00:08:51.741,699.98996,700.01004
GOOG,01.01.2014 00:08:53.397,699.98997,700.01003
GOOG,01.01.2014 00:08:54.912,699.98998,700.01002
GOOG,01.01.2014 00:08:56.309,699.98995,700.01005
GOOG,01.01.2014 00:08:57.646,699.98992,700.01008
GOOG,01.01.2014 00:08:59.117,699.98993,700.01007
GOOG,01.01.2014 00:09:00.580,699.98991,700.01009
GOOG,01.01.2014 00:09:02.042,699.98994,700.01006
GOOG,01.01.2014 00:09:03.370,699.98994,700.01006
GOOG,01.01.2014 00:09:04.762,699.98993,700.01007
GOOG,01.01.2014 00:09:06.180,699.98996,700.01004
GOOG,01.01.2014 00:09:07.618,699.98995,700.01005
GOOG,01.01.2014 00:09:09.074,699.98993,700.01007
GOOG,01.01.2014 00:09:10.557,699.98992,700.01008
GOOG,01.01.2014 00:09:11.950,699.98995,700.01005
GOOG,01.01.2014 00:09:13.393,699.98994,700.01006
GOOG,01.01.2014 00:09:14.820,699.98996,700.01004
GOOG,01.01.2014 00:09:16.112,699.98995,700.01005
GOOG,01.01.2014 00:09:17.508,699.98994,700.01006
GOOG,01.01.2014 00:09:18.911,699.98994,700.01006
GOOG,01.01.2014 00:09:20.405,699.98995,700.01005
GOOG,01.01.2014 00:09:21.815,699.98995,700.01005
GOOG,01.01.2014 00:09:23.171,699.98996,700.01004
GOOG,01.01.2014 00:09:24.593,699.98997,700.01003
GOOG,01.01.2014 00:09:26.119,699.98998,700.01002
GOOG,01.01.2014 00:09:27.500,699.98999,700.01001
GOOG,01.01.2014 00:09:29.045,699.98999,700.01001
GOOG,01.01.2014 00:09:30.548,699.99001,700.00999
GOOG,01.01.2014 00:09:31.975,699.99000,700.01000
GOOG,01.01.2014 00:09:33.383,699.98998,700.01002
GOOG,01.01.2014 00:09:34.731,699.98996,700.01004
GOOG,01.01.2014 00:09:36.361,699.98996,700.01004
GOOG,01.01.2014 00:09:37.717,699.98994,700.01006
GOOG,01.01.2014 00:09:39.275,699.98995,700.01005
GOOG,01.01.2014 00:09:40.633,699.98996,700.01004
GOOG,01.01.2014 00:09:41.898,699.98997,700.01003
GOOG,01.01.2014 00:09:43.198,699.98998,700.01002
GOOG,01.01.2014 00:09:44.594,699.98998,700.01002
GOOG,01.01.2014 00:09:46.149,699.98999,700.01001
GOOG,01.01.2014 00:09:47.648,699.99000,700.01000
GOOG,01.01.2014 00:09:49.043,699.98999,700.01001
GOOG,01.01.2014 00:09:50.331,699.98998,700.01002
GOOG,01.01.2014 00:09:51.747,699.98997,700.01003
GOOG,01.01.2014 00:09:53.176,699.98993,700.01007
GOOG,01.01.2014 00:09:54.512,699.98994,700.01006
GOOG,01.01.2014 00:09:55.850,699.98995,700.01005
GOOG,01.01.2014 00:09:57.186,699.98993,700.01007
GOOG,01.01.2014 00:09:58.728,699.98994,700.01006
GOOG,01.01.2014 00:10:00.045,699.98993,700.01007
GOOG,01.01.2014 00:10:01.390,699.98992,700.01008
GOOG,01.01.2014 00:10:02.810,699.98995,700.01005
GOOG,01.01.2014 00:10:04.365,699.98992,700.01008
GOOG,01.01.2014 00:10:05.704,699.98992,700.01008
GOOG,01.01.2014 00:10:07.132,699.98992,700.01008
GOOG,01.01.2014 00:10:08.598,699.98988,700.01012
GOOG,01.01.2014 00:10:09.980,699.98990,700.01010
GOOG,01.01.2014 00:10:11.242,699.98991,700.01009
GOOG,01.01.2014 00:10:12.639,699.98988,700.01012
GOOG,01.01.2014 00:10:13.987,699.98987,700.01013
GOOG,01.01.2014 00:10:15.386,699.98986,700.01014
GOOG,01.01.2014 00:10:17.038,699.98987,700.01013
GOOG,01.01.2014 00:10:18.389,699.98985,700.01015
GOOG,01.01.2014 00:10:19.858,699.98982,700.01018
GOOG,01.01.2014 00:10:21.316,699.98982,700.01018
GOOG,01.01.2014 00:10:22.775,699.98981,700.01019
GOOG,01.01.2014 00:10:24.257,699.98980,700.01020
GOOG,01.01.2014 00:10:25.764,699.98978,700.01022
GOOG,01.01.2014 00:10:27.302,699.98976,700.01024
GOOG,01.01.2014 00:10:28.685,699.98976,700.01024
GOOG,01.01.2014 00:10:30.206,699.98978,700.01022
GOOG,01.01.2014 00:10:31.643,699.98978,700.01022
GOOG,01.01.2014 00:10:33.046,699.98976,700.01024
GOOG,01.01.2014 00:10:34.465,699.98976,700.01024
GOOG,01.01.2014 00:10:35.729,699.98975,700.01025
GOOG,01.01.2014 00:10:37.193,699.98971,700.01029
GOOG,01.01.2014 00:10:38.563,699.98971,700.01029
GOOG,01.01.2014 00:10:39.988,699.98968,700.01032
GOOG,01.01.2014 00:10:41.378,699.98968,700.01032
GOOG,01.01.2014 00:10:42.839,699.98968,700.01032
GOOG,01.01.2014 00:10:44.194,699.98967,700.01033
GOOG,01.01.2014 00:10:45.702,699.98969,700.01031
GOOG,01.01.2014 00:10:47.115,699.98970,700.01030
GOOG,01.01.2014 00:10:48.634,699.98973,700.01027
GOOG,01.01.2014 00:10:49.978,699.98972,700.01028
GOOG,01.01.2014 00:10:51.535,699.98973,700.01027
GOOG,01.01.2014 00:10:52.879,699.98970,700.01030
GOOG,01.01.2014 00:10:54.135,699.98973,700.01027
GOOG,01.01.2014 00:10:55.579,699.98974,700.01026
GOOG,01.01.2014 00:10:56.877,699.98973,700.01027
GOOG,01.01.2014 00:10:58.301,699.98973,700.01027
GOOG,01.01.2014 00:10:59.573,699.98972,700.01028
GOOG,01.01.2014 00:11:01.038,699.98972,700.01028
GOOG,01.01.2014 00:11:02.623,699.98974,700.01026
GOOG,01.01.2014 00:11:03.870,699.98975,700.01025
GOOG,01.01.2014 00:11:05.265,699.98975,700.01025
GOOG,01.01.2014 00:11:06.641,699.98974,700.01026
GOOG,01.01.2014 00:11:07.916,699.98972,700.01028
GOOG,01.01.2014 00:11:09.308,699.98970,700.01030
GOOG,01.01.2014 00:11:10.742,699.98970,700.01030
GOOG,01.01.2014 00:11:12.199,699.98969,700.01031
GOOG,01.01.2014 00:11:13.664,699.98967,700.01033
GOOG,01.01.2014 00:11:15.083,699.98966,700.01034
GOOG,01.01.2014 00:11:16.474,699.98963,700.01037
GOOG,01.01.2014 00:11:17.807,699.98960,700.01040
GOOG,01.01.2014 00:11:19.203,699.98963,700.01037
GOOG,01.01.2014 00:11:20.615,699.98964,700.01036
GOOG,01.01.2014 00:11:22.099,699.98965,700.01035
GOOG,01.01.2014 00:11:23.455,699.98968,700.01032
GOOG,01.01.2014 00:11:24.810,699.98972,700.01028
GOOG,01.01.2014 00:11:26.051,699.98971,700.01029
GOOG,01.01.2014 00:11:27.530,699.98970,700.01030
GOOG,01.01.2014 00:11:28.833,699.98970,700.01030
GOOG,01.01.2014 00:11:30.233,699.98972,700.01028
GOOG,01.01.2014 00:11:31.783,699.98970,700.01030
GOOG,01.01.2014 00:11:33.161,699.98970,700.01030
GOOG,01.01.2014 00:11:34.582,699.98974,700.01026
GOOG,01.01.2014 00:11:35.957,699.98975,700.01025
GOOG,01.01.2014 00:11:37.257,699.98975,700.01025
GOOG,01.01.2014 00:11:38.837,699.98974,700.01026
GOOG,01.01.2014 00:11:40.180,699.98973,700.01027
GOOG,01.01.2014 00:11:41.719,699.98971,700.01029
GOOG,01.01.2014 00:11:43.125,699.98972,700.01028
GOOG,01.01.2014 00:11:44.595,699.98972,700.01028
GOOG,01.01.2014 00:11:46.085,699.98971,700.01029
GOOG,01.01.2014 00:11:47.590,699.98972,700.01028
GOOG,01.01.2014 00:11:49.121,699.98971,700.01029
GOOG,01.01.2014 00:11:50.729,699.98973,700.01027
GOOG,01.01.2014 00:11:52.303,699.98972,700.01028
GOOG,01.01.2014 00:11:53.637,699.98973,700.01027
GOOG,01.01.2014 00:11:55.005,699.98972,700.01028
GOOG,01.01.2014 00:11:56.458,699.98973,700.01027
GOOG,01.01.2014 00:11:57.855,699.98970,700.01030
GOOG,01.01.2014 00:11:59.428,699.98969,700.01031
GOOG,01.01.2014 00:12:00.832,699.98969,700.01031
GOOG,01.01.2014 00:12:02.293,699.98971,700.01029
GOOG,01.01.2014 00:12:03.667,699.98973,700.01027
GOOG,01.01.2014 00:12:05.107,699.98972,700.01028
GOOG,01.01.2014 00:12:06.459,699.98970,700.01030
GOOG,01.01.2014 00:12:07.736,699.98972,700.01028
GOOG,01.01.2014 00:12:09.159,699.98970,700.01030
GOOG,01.01.2014 00:12:10.727,699.98971,700.01029
GOOG,01.01.2014 00:12:12.235,699.98971,700.01029
GOOG,01.01.2014 00:12:13.618,699.98970,700.01030
GOOG,01.01.2014 00:12:15.083,699.98972,700.01028
GOOG,01.01.2014 00:12:16.631,699.98970,700.01030
GOOG,01.01.2014 00:12:17.968,699.98969,700.01031
GOOG,01.01.2014 00:12:19.418,699.98969,700.01031
GOOG,01.01.2014 00:12:20.763,699.98970,700.01030
GOOG,01.01.2014 00:12:22.160,699.98968,700.01032
GOOG,01.01.2014 00:12:23.614,699.98968,700.01032
GOOG,01.01.2014 00:12:25.092,699.98973,700.01027
GOOG,01.01.2014 00:12:26.606,699.98976,700.01024
GOOG,01.01.2014 00:12:27.970,699.98978,700.01022
GOOG,01.01.2014 00:12:29.241,699.98976,700.01024
GOOG,01.01.2014 00:12:30.594,699.98976,700.01024
GOOG,01.01.2014 00:12:31.989,699.98975,700.01025
GOOG,01.01.2014 00:12:33.397,699.98977,700.01023
GOOG,01.01.2014 00:12:34.897,699.98978,700.01022
GOOG,01.01.2014 00:12:36.141,699.98979,700.01021
GOOG,01.01.2014 00:12:37.691,699.98977,700.01023
GOOG,01.01.2014 00:12:39.056,699.98978,700.01022
GOOG,01.01.2014 00:12:40.424,699.98974,700.01026
GOOG,01.01.2014 00:12:41.862,699.98974,700.01026
GOOG,01.01.2014 00:12:43.365,699.98973,700.01027
GOOG,01.01.2014 00:12:44.739,699.98974,700.01026
GOOG,01.01.2014 00:12:46.132,699.98974,700.01026
GOOG,01.01.2014 00:12:47.605,699.98974,700.01026
GOOG,01.01.2014 00:12:49.078,699.98974,700.01026
GOOG,01.01.2014 00:12:50.486,699.98977,700.01023
GOOG,01.01.2014 00:12:51.978,699.98976,700.01024
GOOG,01.01.2014 00:12:53.477,699.98981,700.01019
GOOG,01.01.2014 00:12:55.086,699.98982,700.01018
GOOG,01.01.2014 00:12:56.597,699.98983,700.01017
GOOG,01.01.2014 00:12:58.058,699.98985,700.01015
GOOG,01.01.2014 00:12:59.396,699.98982,700.01018
GOOG,01.01.2014 00:13:00.777,699.98982,700.01018
GOOG,01.01.2014 00:13:02.264,699.98981,700.01019
GOOG,01.01.2014 00:13:03.679,699.98981,700.01019
GOOG,01.01.2014 00:13:05.319,699.98981,700.01019
GOOG,01.01.2014 00:13:06.739,699.98979,700.01021
GOOG,01.01.2014 00:13:08.250,699.98977,700.01023
GOOG,01.01.2014 00:13:09.714,699.98979,700.01021
GOOG,01.01.2014 00:13:11.277,699.98981,700.01019
GOOG,01.01.2014 00:13:12.708,699.98982,700.01018
GOOG,01.01.2014 00:13:14.101,699.98982,700.01018
GOOG,01.01.2014 00:13:15.533,699.98981,700.01019
GOOG,01.01.2014 00:13:17.095,699.98980,700.01020
GOOG,01.01.2014 00:13:18.470,699.98978,700.01022
GOOG,01.01.2014 00:13:19.989,699.98981,700.01019
GOOG,01.01.2014 00:13:21.449,699.98979,700.01021
GOOG,01.01.2014 00:13:22.819,699.98977,700.01023
GOOG,01.01.2014 00:13:24.204,699.98977,700.01023
GOOG,01.01.2014 00:13:25.587,699.98977,700.01023
GOOG,01.01.2014 00:13:26.877,699.98979,700.01021
GOOG,01.01.2014 00:13:28.437,699.98981,700.01019
GOOG,01.01.2014 00:13:29.737,699.98984,700.01016
GOOG,01.01.2014 00:13:31.074,699.98986,700.01014
GOOG,01.01.2014 00:13:32.638,699.98984,700.01016
GOOG,01.01.2014 00:13:33.969,699.98981,700.01019
GOOG,01.01.2014 00:13:35.467,699.98981,700.01019
GOOG,01.01.2014 00:13:36.617,699.98978,700.01022
GOOG,01.01.2014 00:13:37.878,699.98981,700.01019
GOOG,01.01.2014 00:13:39.381,699.98976,700.01024
GOOG,01.01.2014 00:13:40.919,699.98975,700.01025
GOOG,01.01.2014 00:13:42.378,699.98974,700.01026
GOOG,01.01.2014 00:13:43.854,699.98973,700.01027
GOOG,01.01.2014 00:13:45.265,699.98974,700.01026
GOOG,01.01.2014 00:13:46.589,699.98974,700.01026
GOOG,01.01.2014 00:13:47.820,699.98974,700.01026
GOOG,01.01.2014 00:13:49.121,699.98976,700.01024
GOOG,01.01.2014 00:13:50.539,699.98974,700.01026
GOOG,01.01.2014 00:13:52.031,699.98976,700.01024
GOOG,01.01.2014 00:13:53.332,699.98975,700.01025
GOOG,01.01.2014 00:13:54.634,699.98975,700.01025
GOOG,01.01.2014 00:13:56.089,699.98977,700.01023
GOOG,01.01.2014 00:13:57.499,699.98979,700.01021
GOOG,01.01.2014 00:13:58.839,699.98978,700.01022
GOOG,01.01.2014 00:14:00.080,699.98978,700.01022
GOOG,01.01.2014 00:14:01.478,699.98977,700.01023
GOOG,01.01.2014 00:14:02.900,699.98975,700.01025
GOOG,01.01.2014 00:14:04.313,699.98975,700.01025
GOOG,01.01.2014 00:14:05.725,699.98975,700.01025
GOOG,01.01.2014 00:14:07.130,699.98974,700.01026
GOOG,01.01.2014 00:14:08.460,699.98975,700.01025
GOOG,01.01.2014 00:14:09.719,699.98973,700.01027
GOOG,01.01.2014 00:14:10.995,699.98974,700.01026
GOOG,01.01.2014 00:14:12.323,699.98973,700.01027
GOOG,01.01.2014 00:14:13.694,699.98971,700.01029
GOOG,01.01.2014 00:14:15.026,699.98970,700.01030
GOOG,01.01.2014 00:14:16.343,699.98967,700.01033
GOOG,01.01.2014 00:14:17.624,699.98966,700.01034
GOOG,01.01.2014 00:14:19.088,699.98966,700.01034
GOOG,01.01.2014 00:14:20.469,699.98966,700.01034
GOOG,01.01.2014 00:14:21.873,699.98966,700.01034
GOOG,01.01.2014 00:14:23.370,699.98962,700.01038
GOOG,01.01.2014 00:14:24.714,699.98964,700.01036
GOOG,01.01.2014 00:14:26.105,699.98960,700.01040
GOOG,01.01.2014 00:14:27.425,699.98958,700.01042
GOOG,01.01.2014 00:14:28.993,699.98959,700.01041
GOOG,01.01.2014 00:14:30.449,699.98956,700.01044
GOOG,01.01.2014 00:14:31.812,699.98956,700.01044
GOOG,01.01.2014 00:14:33.153,699.98958,700.01042
GOOG,01.01.2014 00:14:34.488,699.98960,700.01040
GOOG,01.01.2014 00:14:35.892,699.98961,700.01039
GOOG,01.01.2014 00:14:37.315,699.98964,700.01036
GOOG,01.01.2014 00:14:38.748,699.98962,700.01038
GOOG,01.01.2014 00:14:39.949,699.98962,700.01038
GOOG,01.01.2014 00:14:41.472,699.98964,700.01036
GOOG,01.01.2014 00:14:43.039,699.98963,700.01037
GOOG,01.01.2014 00:14:44.368,699.98963,700.01037
GOOG,01.01.2014 00:14:45.824,699.98963,700.01037
GOOG,01.01.2014 00:14:47.278,699.98965,700.01035
GOOG,01.01.2014 00:14:48.695,699.98967,700.01033
GOOG,01.01.2014 00:14:50.084,699.98968,700.01032
GOOG,01.01.2014 00:14:51.410,699.98967,700.01033
GOOG,01.01.2014 00:14:52.920,699.98965,700.01035
GOOG,01.01.2014 00:14:54.210,699.98966,700.01034
GOOG,01.01.2014 00:14:55.732,699.98966,700.01034
GOOG,01.01.2014 00:14:57.364,699.98965,700.01035
GOOG,01.01.2014 00:14:58.783,699.98965,700.01035
GOOG,01.01.2014 00:15:00.196,699.98966,700.01034
GOOG,01.01.2014 00:15:01.667,699.98964,700.01036
GOOG,01.01.2014 00:15:02.988,699.98966,700.01034
GOOG,01.01.2014 00:15:04.205,699.98965,700.01035
GOOG,01.01.2014 00:15:05.494,699.98969,700.01031
GOOG,01.01.2014 00:15:06.933,699.98964,700.01036
GOOG,01.01.2014 00:15:08.333,699.98963,700.01037
GOOG,01.01.2014 00:15:09.741,699.98963,700.01037
GOOG,01.01.2014 00:15:11.233,699.98964,700.01036
GOOG,01.01.2014 00:15:12.659,699.98963,700.01037
GOOG,01.01.2014 00:15:13.993,699.98962,700.01038
GOOG,01.01.2014 00:15:15.375,699.98963,700.01037
GOOG,01.01.2014 00:15:16.829,699.98964,700.01036
GOOG,01.01.2014 00:15:18.232,699.98964,700.01036
GOOG,01.01.2014 00:15:19.740,699.98964,700.01036
GOOG,01.01.2014 00:15:21.138,699.98962,700.01038
GOOG,01.01.2014 00:15:22.677,699.98961,700.01039
GOOG,01.01.2014 00:15:24.078,699.98963,700.01037
GOOG,01.01.2014 00:15:25.371,699.98964,700.01036
GOOG,01.01.2014 00:15:26.710,699.98964,700.01036
GOOG,01.01.2014 00:15:28.116,699.98963,700.01037
GOOG,01.01.2014 00:15:29.509,699.98963,700.01037
GOOG,01.01.2014 00:15:30.915,699.98966,700.01034
GOOG,01.01.2014 00:15:32.221,699.98966,700.01034
GOOG,01.01.2014 00:15:33.500,699.98965,700.01035
GOOG,01.01.2014 00:15:35.054,699.98963,700.01037
GOOG,01.01.2014 00:15:36.432,699.98960,700.01040
GOOG,01.01.2014 00:15:37.847,699.98961,700.01039
GOOG,01.01.2014 00:15:39.186,699.98962,700.01038
GOOG,01.01.2014 00:15:40.547,699.98961,700.01039
GOOG,01.01.2014 00:15:41.963,699.98961,700.01039
GOOG,01.01.2014 00:15:43.407,699.98959,700.01041
GOOG,01.01.2014 00:15:44.902,699.98962,700.01038
GOOG,01.01.2014 00:15:46.046,699.98961,700.01039
GOOG,01.01.2014 00:15:47.310,699.98961,700.01039
GOOG,01.01.2014 00:15:48.593,699.98964,700.01036
GOOG,01.01.2014 00:15:50.047,699.98962,700.01038
GOOG,01.01.2014 00:15:51.389,699.98966,700.01034
GOOG,01.01.2014 00:15:52.734,699.98966,700.01034
GOOG,01.01.2014 00:15:53.987,699.98965,700.01035
GOOG,01.01.2014 00:15:55.385,699.98965,700.01035
GOOG,01.01.2014 00:15:56.797,699.98966,700.01034
GOOG,01.01.2014 00:15:58.317,699.98966,700.01034
GOOG,01.01.2014 00:15:59.714,699.98968,700.01032
GOOG,01.01.2014 00:16:01.070,699.98969,700.01031
GOOG,01.01.2014 00:16:02.452,699.98967,700.01033
GOOG,01.01.2014 00:16:03.715,699.98969,700.01031
GOOG,01.01.2014 00:16:05.262,699.98969,700.01031
GOOG,01.01.2014 00:16:06.595,699.98968,700.01032
GOOG,01.01.2014 00:16:07.935,699.98965,700.01035
GOOG,01.01.2014 00:16:09.403,699.98966,700.01034
GOOG,01.01.2014 00:16:11.018,699.98967,700.01033
GOOG,01.01.2014 00:16:12.492,699.98966,700.01034
GOOG,01.01.2014 00:16:14.023,699.98964,700.01036
GOOG,01.01.2014 00:16:15.426,699.98965,700.01035
GOOG,01.01.2014 00:16:16.872,699.98966,700.01034
GOOG,01.01.2014 00:16:18.473,699.98966,700.01034
GOOG,01.01.2014 00:16:19.837,699.98965,700.01035
GOOG,01.01.2014 00:16:21.102,699.98967,700.01033
GOOG,01.01.2014 00:16:22.622,699.98968,700.01032
GOOG,01.01.2014 00:16:23.917,699.98967,700.01033
GOOG,01.01.2014 00:16:25.436,699.98966,700.01034
GOOG,01.01.2014 00:16:26.935,699.98967,700.01033
GOOG,01.01.2014 00:16:28.193,699.98965,700.01035
GOOG,01.01.2014 00:16:29.561,699.98965,700.01035
GOOG,01.01.2014 00:16:31.094,699.98964,700.01036
GOOG,01.01.2014 00:16:32.539,699.98961,700.01039
GOOG,01.01.2014 00:16:33.875,699.98959,700.01041
GOOG,01.01.2014 00:16:35.281,699.98959,700.01041
GOOG,01.01.2014 00:16:36.834,699.98958,700.01042
GOOG,01.01.2014 00:16:38.287,699.98956,700.01044
GOOG,01.01.2014 00:16:39.651,699.98958,700.01042
GOOG,01.01.2014 00:16:40.946,699.98960,700.01040
GOOG,01.01.2014 00:16:42.552,699.98963,700.01037
GOOG,01.01.2014 00:16:43.930,699.98963,700.01037
GOOG,01.01.2014 00:16:45.361,699.98962,700.01038
GOOG,01.01.2014 00:16:46.847,699.98963,700.01037
GOOG,01.01.2014 00:16:48.230,699.98962,700.01038
GOOG,01.01.2014 00:16:49.605,699.98960,700.01040
GOOG,01.01.2014 00:16:51.054,699.98958,700.01042
GOOG,01.01.2014 00:16:52.521,699.98956,700.01044
GOOG,01.01.2014 00:16:53.939,699.98958,700.01042
GOOG,01.01.2014 00:16:55.379,699.98960,700.01040
GOOG,01.01.2014 00:16:56.726,699.98959,700.01041
GOOG,01.01.2014 00:16:58.250,699.98959,700.01041
GOOG,01.01.2014 00:16:59.680,699.98956,700.01044
GOOG,01.01.2014 00:17:01.105,699.98952,700.01048
GOOG,01.01.2014 00:17:02.561,699.98954,700.01046
GOOG,01.01.2014 00:17:04.036,699.98954,700.01046
GOOG,01.01.2014 00:17:05.565,699.98953,700.01047
GOOG,01.01.2014 00:17:06.952,699.98955,700.01045
GOOG,01.01.2014 00:17:08.331,699.98956,700.01044
GOOG,01.01.2014 00:17:09.673,699.98955,700.01045
GOOG,01.01.2014 00:17:11.240,699.98954,700.01046
GOOG,01.01.2014 00:17:12.520,699.98954,700.01046
GOOG,01.01.2014 00:17:14.040,699.98955,700.01045
GOOG,01.01.2014 00:17:15.426,699.98955,700.01045
GOOG,01.01.2014 00:17:16.748,699.98954,700.01046
GOOG,01.01.2014 00:17:18.136,699.98953,700.01047
GOOG,01.01.2014 00:17:19.447,699.98954,700.01046
GOOG,01.01.2014 00:17:20.919,699.98954,700.01046
GOOG,01.01.2014 00:17:22.492,699.98955,700.01045
GOOG,01.01.2014 00:17:23.914,699.98954,700.01046
GOOG,01.01.2014 00:17:25.172,699.98956,700.01044
GOOG,01.01.2014 00:17:26.420,699.98954,700.01046
GOOG,01.01.2014 00:17:27.765,699.98950,700.01050
GOOG,01.01.2014 00:17:29.108,699.98950,700.01050
GOOG,01.01.2014 00:17:30.663,699.98946,700.01054
GOOG,01.01.2014 00:17:32.269,699.98944,700.01056
GOOG,01.01.2014 00:17:33.771,699.98943,700.01057
GOOG,01.01.2014 00:17:35.249,699.98944,700.01056
GOOG,01.01.2014 00:17:36.567,699.98944,700.01056
GOOG,01.01.2014 00:17:37.950,699.98945,700.01055
GOOG,01.01.2014 00:17:39.420,699.98943,700.01057
GOOG,01.01.2014 00:17:40.829,699.98941,700.01059
GOOG,01.01.2014 00:17:42.114,699.98941,700.01059
GOOG,01.01.2014 00:17:43.443,699.98944,700.01056
GOOG,01.01.2014 00:17:44.834,699.98944,700.01056
GOOG,01.01.2014 00:17:46.386,699.98943,700.01057
GOOG,01.01.2014 00:17:47.683,699.98940,700.01060
GOOG,01.01.2014 00:17:49.205,699.98939,700.01061
GOOG,01.01.2014 00:17:50.583,699.98941,700.01059
GOOG,01.01.2014 00:17:51.946,699.98939,700.01061
GOOG,01.01.2014 00:17:53.534,699.98936,700.01064
GOOG,01.01.2014 00:17:54.885,699.98938,700.01062
GOOG,01.01.2014 00:17:56.299,699.98941,700.01059
GOOG,01.01.2014 00:17:57.732,699.98941,700.01059
GOOG,01.01.2014 00:17:59.085,699.98944,700.01056
GOOG,01.01.2014 00:18:00.536,699.98944,700.01056
GOOG,01.01.2014 00:18:01.819,699.98949,700.01051
GOOG,01.01.2014 00:18:03.217,699.98946,700.01054
GOOG,01.01.2014 00:18:04.783,699.98947,700.01053
GOOG,01.01.2014 00:18:06.122,699.98946,700.01054
GOOG,01.01.2014 00:18:07.423,699.98945,700.01055
GOOG,01.01.2014 00:18:08.899,699.98943,700.01057
GOOG,01.01.2014 00:18:10.289,699.98944,700.01056
GOOG,01.01.2014 00:18:11.601,699.98945,700.01055
GOOG,01.01.2014 00:18:12.979,699.98944,700.01056
GOOG,01.01.2014 00:18:14.470,699.98946,700.01054
GOOG,01.01.2014 00:18:16.019,699.98946,700.01054
GOOG,01.01.2014 00:18:17.417,699.98947,700.01053
GOOG,01.01.2014 00:18:18.575,699.98946,700.01054
GOOG,01.01.2014 00:18:20.049,699.98947,700.01053
GOOG,01.01.2014 00:18:21.455,699.98946,700.01054
GOOG,01.01.2014 00:18:22.699,699.98947,700.01053
GOOG,01.01.2014 00:18:24.178,699.98949,700.01051
GOOG,01.01.2014 00:18:25.608,699.98951,700.01049
GOOG,01.01.2014 00:18:27.054,699.98951,700.01049
GOOG,01.01.2014 00:18:28.293,699.98949,700.01051
GOOG,01.01.2014 00:18:29.619,699.98951,700.01049
GOOG,01.01.2014 00:18:31.040,699.98949,700.01051
GOOG,01.01.2014 00:18:32.338,699.98949,700.01051
GOOG,01.01.2014 00:18:33.781,699.98948,700.01052
GOOG,01.01.2014 00:18:35.198,699.98948,700.01052
GOOG,01.01.2014 00:18:36.516,699.98948,700.01052
GOOG,01.01.2014 00:18:37.808,699.98952,700.01048
GOOG,01.01.2014 00:18:39.252,699.98951,700.01049
GOOG,01.01.2014 00:18:40.416,699.98952,700.01048
GOOG,01.01.2014 00:18:41.878,699.98949,700.01051
GOOG,01.01.2014 00:18:43.280,699.98950,700.01050
GOOG,01.01.2014 00:18:44.662,699.98948,700.01052
GOOG,01.01.2014 00:18:45.997,699.98949,700.01051
GOOG,01.01.2014 00:18:47.349,699.98951,700.01049
GOOG,01.01.2014 00:18:48.761,699.98948,700.01052
GOOG,01.01.2014 00:18:50.193,699.98948,700.01052
GOOG,01.01.2014 00:18:51.564,699.98951,700.01049
GOOG,01.01.2014 00:18:53.052,699.98951,700.01049
GOOG,01.01.2014 00:18:54.434,699.98946,700.01054
GOOG,01.01.2014 00:18:55.864,699.98947,700.01053
GOOG,01.01.2014 00:18:57.222,699.98945,700.01055
GOOG,01.01.2014 00:18:58.633,699.98948,700.01052
GOOG,01.01.2014 00:19:00.125,699.98949,700.01051
GOOG,01.01.2014 00:19:01.712,699.98947,700.01053
GOOG,01.01.2014 00:19:03.067,699.98945,700.01055
GOOG,01.01.2014 00:19:04.474,699.98943,700.01057
GOOG,01.01.2014 00:19:05.923,699.98945,700.01055
GOOG,01.01.2014 00:19:07.258,699.98943,700.01057
GOOG,01.01.2014 00:19:08.625,699.98944,700.01056
GOOG,01.01.2014 00:19:09.929,699.98943,700.01057
GOOG,01.01.2014 00:19:11.536,699.98945,700.01055
GOOG,01.01.2014 00:19:12.938,699.98943,700.01057
GOOG,01.01.2014 00:19:14.330,699.98942,700.01058
GOOG,01.01.2014 00:19:15.624,699.98941,700.01059
GOOG,01.01.2014 00:19:17.005,699.98940,700.01060
GOOG,01.01.2014 00:19:18.524,699.98935,700.01065
GOOG,01.01.2014 00:19:19.982,699.98935,700.01065
GOOG,01.01.2014 00:19:21.401,699.98935,700.01065
GOOG,01.01.2014 00:19:22.835,699.98936,700.01064
GOOG,01.01.2014 00:19:24.252,699.98934,700.01066
GOOG,01.01.2014 00:19:25.551,699.98932,700.01068
GOOG,01.01.2014 00:19:27.083,699.98932,700.01068
GOOG,01.01.2014 00:19:28.271,699.98933,700.01067
GOOG,01.01.2014 00:19:29.801,699.98933,700.01067
GOOG,01.01.2014 00:19:31.101,699.98934,700.01066
GOOG,01.01.2014 00:19:32.585,699.98933,700.01067
GOOG,01.01.2014 00:19:33.961,699.98933,700.01067
GOOG,01.01.2014 00:19:35.322,699.98935,700.01065
GOOG,01.01.2014 00:19:36.883,699.98936,700.01064
GOOG,01.01.2014 00:19:38.405,699.98933,700.01067
GOOG,01.01.2014 00:19:39.905,699.98934,700.01066
GOOG,01.01.2014 00:19:41.345,699.98934,700.01066
GOOG,01.01.2014 00:19:42.655,699.98933,700.01067
GOOG,01.01.2014 00:19:43.937,699.98931,700.01069
GOOG,01.01.2014 00:19:45.290,699.98931,700.01069
GOOG,01.01.2014 00:19:46.719,699.98931,700.01069
GOOG,01.01.2014 00:19:48.177,699.98932,700.01068
GOOG,01.01.2014 00:19:49.664,699.98935,700.01065
GOOG,01.01.2014 00:19:51.077,699.98931,700.01069
GOOG,01.01.2014 00:19:52.377,699.98932,700.01068
GOOG,01.01.2014 00:19:53.828,699.98932,700.01068
GOOG,01.01.2014 00:19:55.263,699.98931,700.01069
GOOG,01.01.2014 00:19:56.727,699.98929,700.01071
GOOG,01.01.2014 00:19:58.168,699.98930,700.01070
GOOG,01.01.2014 00:19:59.635,699.98927,700.01073
GOOG,01.01.2014 00:20:01.022,699.98928,700.01072
GOOG,01.01.2014 00:20:02.533,699.98928,700.01072
GOOG,01.01.2014 00:20:03.715,699.98927,700.01073
GOOG,01.01.2014 00:20:05.062,699.98927,700.01073
GOOG,01.01.2014 00:20:06.495,699.98927,700.01073
GOOG,01.01.2014 00:20:07.966,699.98928,700.01072
GOOG,01.01.2014 00:20:09.417,699.98928,700.01072
GOOG,01.01.2014 00:20:10.891,699.98927,700.01073
GOOG,01.01.2014 00:20:12.198,699.98926,700.01074
GOOG,01.01.2014 00:20:13.544,699.98924,700.01076
GOOG,01.01.2014 00:20:14.981,699.98921,700.01079
GOOG,01.01.2014 00:20:16.358,699.98922,700.01078
GOOG,01.01.2014 00:20:17.756,699.98922,700.01078
GOOG,01.01.2014 00:20:19.236,699.98925,700.01075
GOOG,01.01.2014 00:20:20.531,699.98927,700.01073
GOOG,01.01.2014 00:20:22.026,699.98924,700.01076
GOOG,01.01.2014 00:20:23.416,699.98924,700.01076
GOOG,01.01.2014 00:20:24.823,699.98922,700.01078
GOOG,01.01.2014 00:20:26.130,699.98922,700.01078
GOOG,01.01.2014 00:20:27.627,699.98921,700.01079
GOOG,01.01.2014 00:20:29.046,699.98919,700.01081
GOOG,01.01.2014 00:20:30.176,699.98918,700.01082
GOOG,01.01.2014 00:20:31.511,699.98921,700.01079
GOOG,01.01.2014 00:20:32.962,699.98919,700.01081
GOOG,01.01.2014 00:20:34.348,699.98917,700.01083
GOOG,01.01.2014 00:20:35.909,699.98915,700.01085
GOOG,01.01.2014 00:20:37.473,699.98914,700.01086
GOOG,01.01.2014 00:20:38.881,699.98916,700.01084
GOOG,01.01.2014 00:20:40.256,699.98918,700.01082
GOOG,01.01.2014 00:20:41.873,699.98918,700.01082
GOOG,01.01.2014 00:20:43.286,699.98917,700.01083
GOOG,01.01.2014 00:20:44.690,699.98914,700.01086
GOOG,01.01.2014 00:20:46.028,699.98914,700.01086
GOOG,01.01.2014 00:20:47.353,699.98916,700.01084
GOOG,01.01.2014 00:20:48.692,699.98916,700.01084
GOOG,01.01.2014 00:20:50.049,699.98917,700.01083
GOOG,01.01.2014 00:20:51.309,699.98917,700.01083
GOOG,01.01.2014 00:20:52.558,699.98916,700.01084
GOOG,01.01.2014 00:20:53.967,699.98918,700.01082
GOOG,01.01.2014 00:20:55.336,699.98920,700.01080
GOOG,01.01.2014 00:20:56.768,699.98917,700.01083
GOOG,01.01.2014 00:20:57.980,699.98917,700.01083
GOOG,01.01.2014 00:20:59.364,699.98916,700.01084
GOOG,01.01.2014 00:21:00.785,699.98917,700.01083
GOOG,01.01.2014 00:21:02.153,699.98919,700.01081
GOOG,01.01.2014 00:21:03.661,699.98919,700.01081
GOOG,01.01.2014 00:21:05.251,699.98919,700.01081
GOOG,01.01.2014 00:21:06.580,699.98921,700.01079
GOOG,01.01.2014 00:21:07.800,699.98923,700.01077
GOOG,01.01.2014 00:21:09.227,699.98923,700.01077
GOOG,01.01.2014 00:21:10.469,699.98921,700.01079
GOOG,01.01.2014 00:21:11.820,699.98921,700.01079
GOOG,01.01.2014 00:21:13.381,699.98919,700.01081
GOOG,01.01.2014 00:21:14.755,699.98921,700.01079
GOOG,01.01.2014 00:21:15.939,699.98922,700.01078
GOOG,01.01.2014 00:21:17.318,699.98923,700.01077
GOOG,01.01.2014 00:21:18.705,699.98923,700.01077
GOOG,01.01.2014 00:21:20.083,699.98924,700.01076
GOOG,01.01.2014 00:21:21.500,699.98924,700.01076
GOOG,01.01.2014 00:21:22.791,699.98921,700.01079
GOOG,01.01.2014 00:21:24.181,699.98921,700.01079
GOOG,01.01.2014 00:21:25.652,699.98921,700.01079
GOOG,01.01.2014 00:21:27.147,699.98921,700.01079
GOOG,01.01.2014 00:21:28.486,699.98920,700.01080
GOOG,01.01.2014 00:21:29.771,699.98920,700.01080
GOOG,01.01.2014 00:21:31.168,699.98920,700.01080
GOOG,01.01.2014 00:21:32.555,699.98923,700.01077
GOOG,01.01.2014 00:21:33.900,699.98923,700.01077
GOOG,01.01.2014 00:21:35.316,699.98925,700.01075
GOOG,01.01.2014 00:21:36.843,699.98926,700.01074
GOOG,01.01.2014 00:21:38.340,699.98925,700.01075
GOOG,01.01.2014 00:21:39.675,699.98923,700.01077
GOOG,01.01.2014 00:21:40.956,699.98921,700.01079
GOOG,01.01.2014 00:21:42.456,699.98923,700.01077
GOOG,01.01.2014 00:21:43.995,699.98923,700.01077
GOOG,01.01.2014 00:21:45.424,699.98923,700.01077
GOOG,01.01.2014 00:21:46.810,699.98921,700.01079
GOOG,01.01.2014 00:21:48.290,699.98924,700.01076
GOOG,01.01.2014 00:21:49.820,699.98927,700.01073
GOOG,01.01.2014 00:21:51.323,699.98925,700.01075
GOOG,01.01.2014 00:21:52.614,699.98926,700.01074
GOOG,01.01.2014 00:21:53.904,699.98926,700.01074
GOOG,01.01.2014 00:21:55.273,699.98925,700.01075
GOOG,01.01.2014 00:21:56.804,699.98922,700.01078
GOOG,01.01.2014 00:21:58.148,699.98923,700.01077
GOOG,01.01.2014 00:21:59.379,699.98924,700.01076
GOOG,01.01.2014 00:22:00.876,699.98921,700.01079
GOOG,01.01.2014 00:22:02.153,699.98922,700.01078
GOOG,01.01.2014 00:22:03.550,699.98922,700.01078
GOOG,01.01.2014 00:22:04.869,699.98921,700.01079
GOOG,01.01.2014 00:22:06.222,699.98921,700.01079
GOOG,01.01.2014 00:22:07.676,699.98921,700.01079
GOOG,01.01.2014 00:22:09.033,699.98921,700.01079
GOOG,01.01.2014 00:22:10.424,699.98922,700.01078
GOOG,01.01.2014 00:22:11.798,699.98919,700.01081
GOOG,01.01.2014 00:22:13.254,699.98920,700.01080
GOOG,01.01.2014 00:22:14.724,699.98920,700.01080
GOOG,01.01.2014 00:22:16.241,699.98920,700.01080
GOOG,01.01.2014 00:22:17.630,699.98919,700.01081
GOOG,01.01.2014 00:22:18.873,699.98920,700.01080
GOOG,01.01.2014 00:22:20.154,699.98920,700.01080
GOOG,01.01.2014 00:22:21.727,699.98916,700.01084
GOOG,01.01.2014 00:22:23.191,699.98915,700.01085
GOOG,01.01.2014 00:22:24.411,699.98916,700.01084
GOOG,01.01.2014 00:22:25.732,699.98917,700.01083
GOOG,01.01.2014 00:22:27.115,699.98918,700.01082
GOOG,01.01.2014 00:22:28.317,699.98917,700.01083
GOOG,01.01.2014 00:22:29.610,699.98916,700.01084
GOOG,01.01.2014 00:22:31.217,699.98918,700.01082
GOOG,01.01.2014 00:22:32.364,699.98919,700.01081
GOOG,01.01.2014 00:22:33.874,699.98915,700.01085
GOOG,01.01.2014 00:22:35.151,699.98914,700.01086
GOOG,01.01.2014 00:22:36.505,699.98915,700.01085
GOOG,01.01.2014 00:22:38.169,699.98917,700.01083
GOOG,01.01.2014 00:22:39.595,699.98917,700.01083
GOOG,01.01.2014 00:22:41.103,699.98916,700.01084
GOOG,01.01.2014 00:22:42.534,699.98917,700.01083
GOOG,01.01.2014 00:22:43.961,699.98918,700.01082
GOOG,01.01.2014 00:22:45.423,699.98918,700.01082
GOOG,01.01.2014 00:22:46.861,699.98918,700.01082
GOOG,01.01.2014 00:22:48.373,699.98918,700.01082
GOOG,01.01.2014 00:22:49.596,699.98917,700.01083
GOOG,01.01.2014 00:22:50.906,699.98918,700.01082
GOOG,01.01.2014 00:22:52.246,699.98916,700.01084
GOOG,01.01.2014 00:22:53.432,699.98911,700.01089
GOOG,01.01.2014 00:22:54.938,699.98911,700.01089
GOOG,01.01.2014 00:22:56.333,699.98910,700.01090
GOOG,01.01.2014 00:22:57.785,699.98909,700.01091
GOOG,01.01.2014 00:22:59.240,699.98909,700.01091
GOOG,01.01.2014 00:23:00.620,699.98909,700.01091
GOOG,01.01.2014 00:23:02.001,699.98908,700.01092
GOOG,01.01.2014 00:23:03.460,699.98913,700.01087
GOOG,01.01.2014 00:23:04.926,699.98912,700.01088
GOOG,01.01.2014 00:23:06.324,699.98913,700.01087
GOOG,01.01.2014 00:23:07.836,699.98911,700.01089
GOOG,01.01.2014 00:23:09.159,699.98911,700.01089
GOOG,01.01.2014 00:23:10.462,699.98913,700.01087
GOOG,01.01.2014 00:23:11.799,699.98911,700.01089
GOOG,01.01.2014 00:23:13.295,699.98910,700.01090
GOOG,01.01.2014 00:23:14.767,699.98910,700.01090
GOOG,01.01.2014 00:23:16.103,699.98909,700.01091
GOOG,01.01.2014 00:23:17.583,699.98908,700.01092
GOOG,01.01.2014 00:23:19.102,699.98906,700.01094
GOOG,01.01.2014 00:23:20.537,699.98905,700.01095
GOOG,01.01.2014 00:23:21.934,699.98906,700.01094
GOOG,01.01.2014 00:23:23.318,699.98907,700.01093
GOOG,01.01.2014 00:23:24.651,699.98907,700.01093
GOOG,01.01.2014 00:23:25.971,699.98908,700.01092
GOOG,01.01.2014 00:23:27.182,699.98908,700.01092
GOOG,01.01.2014 00:23:28.582,699.98909,700.01091
GOOG,01.01.2014 00:23:30.048,699.98907,700.01093
GOOG,01.01.2014 00:23:31.287,699.98908,700.01092
GOOG,01.01.2014 00:23:32.610,699.98910,700.01090
GOOG,01.01.2014 00:23:34.093,699.98910,700.01090
GOOG,01.01.2014 00:23:35.467,699.98913,700.01087
GOOG,01.01.2014 00:23:36.930,699.98915,700.01085
GOOG,01.01.2014 00:23:38.336,699.98915,700.01085
GOOG,01.01.2014 00:23:39.872,699.98917,700.01083
GOOG,01.01.2014 00:23:40.971,699.98917,700.01083
GOOG,01.01.2014 00:23:42.551,699.98915,700.01085
GOOG,01.01.2014 00:23:43.972,699.98916,700.01084
GOOG,01.01.2014 00:23:45.452,699.98917,700.01083
GOOG,01.01.2014 00:23:46.900,699.98916,700.01084
GOOG,01.01.2014 00:23:48.406,699.98912,700.01088
GOOG,01.01.2014 00:23:49.845,699.98912,700.01088
GOOG,01.01.2014 00:23:51.243,699.98915,700.01085
GOOG,01.01.2014 00:23:52.573,699.98916,700.01084
GOOG,01.01.2014 00:23:53.921,699.98916,700.01084
GOOG,01.01.2014 00:23:55.238,699.98914,700.01086
GOOG,01.01.2014 00:23:56.638,699.98914,700.01086
GOOG,01.01.2014 00:23:58.006,699.98914,700.01086
GOOG,01.01.2014 00:23:59.488,699.98915,700.01085
GOOG,01.01.2014 00:24:00.822,699.98916,700.01084
GOOG,01.01.2014 00:24:02.088,699.98917,700.01083
GOOG,01.01.2014 00:24:03.440,699.98916,700.01084
GOOG,01.01.2014 00:24:04.866,699.98915,700.01085
GOOG,01.01.2014 00:24:06.352,699.98915,700.01085
GOOG,01.01.2014 00:24:07.791,699.98916,700.01084
GOOG,01.01.2014 00:24:09.217,699.98917,700.01083
GOOG,01.01.2014 00:24:10.373,699.98917,700.01083
GOOG,01.01.2014 00:24:11.915,699.98915,700.01085
GOOG,01.01.2014 00:24:13.412,699.98913,700.01087
GOOG,01.01.2014 00:24:14.821,699.98913,700.01087
GOOG,01.01.2014 00:24:16.159,699.98913,700.01087
GOOG,01.01.2014 00:24:17.621,699.98911,700.01089
GOOG,01.01.2014 00:24:19.007,699.98912,700.01088
GOOG,01.01.2014 00:24:20.407,699.98911,700.01089
GOOG,01.01.2014 00:24:21.662,699.98914,700.01086
GOOG,01.01.2014 00:24:23.007,699.98916,700.01084
GOOG,01.01.2014 00:24:24.357,699.98916,700.01084
GOOG,01.01.2014 00:24:25.711,699.98914,700.01086
GOOG,01.01.2014 00:24:27.144,699.98914,700.01086
GOOG,01.01.2014 00:24:28.606,699.98916,700.01084
GOOG,01.01.2014 00:24:30.110,699.98916,700.01084
GOOG,01.01.2014 00:24:31.577,699.98917,700.01083
GOOG,01.01.2014 00:24:32.822,699.98916,700.01084
GOOG,01.01.2014 00:24:34.259,699.98918,700.01082
GOOG,01.01.2014 00:24:35.572,699.98916,700.01084
GOOG,01.01.2014 00:24:36.853,699.98914,700.01086
GOOG,01.01.2014 00:24:38.163,699.98913,700.01087
GOOG,01.01.2014 00:24:39.531,699.98912,700.01088
GOOG,01.01.2014 00:24:40.876,699.98912,700.01088
GOOG,01.01.2014 00:24:42.280,699.98914,700.01086
GOOG,01.01.2014 00:24:43.754,699.98914,700.01086
GOOG,01.01.2014 00:24:45.131,699.98916,700.01084
GOOG,01.01.2014 00:24:46.275,699.98916,700.01084
GOOG,01.01.2014 00:24:47.916,699.98915,700.01085
GOOG,01.01.2014 00:24:49.315,699.98915,700.01085
GOOG,01.01.2014 00:24:50.717,699.98914,700.01086
GOOG,01.01.2014 00:24:51.999,699.98913,700.01087
GOOG,01.01.2014 00:24:53.470,699.98911,700.01089
GOOG,01.01.2014 00:24:54.914,699.98911,700.01089
GOOG,01.01.2014 00:24:56.381,699.98910,700.01090
GOOG,01.01.2014 00:24:57.746,699.98911,700.01089
GOOG,01.01.2014 00:24:59.156,699.98909,700.01091
GOOG,01.01.2014 00:25:00.432,699.98911,700.01089
GOOG,01.01.2014 00:25:01.849,699.98911,700.01089
GOOG,01.01.2014 00:25:03.266,699.98911,700.01089
GOOG,01.01.2014 00:25:04.644,699.98908,700.01092
GOOG,01.01.2014 00:25:05.884,699.98909,700.01091
GOOG,01.01.2014 00:25:07.273,699.98912,700.01088
GOOG,01.01.2014 00:25:08.656,699.98909,700.01091
GOOG,01.01.2014 00:25:10.058,699.98909,700.01091
GOOG,01.01.2014 00:25:11.332,699.98910,700.01090
GOOG,01.01.2014 00:25:12.694,699.98910,700.01090
GOOG,01.01.2014 00:25:14.222,699.98909,700.01091
GOOG,01.01.2014 00:25:15.511,699.98909,700.01091
GOOG,01.01.2014 00:25:16.961,699.98907,700.01093
GOOG,01.01.2014 00:25:18.519,699.98909,700.01091
GOOG,01.01.2014 00:25:19.838,699.98911,700.01089
GOOG,01.01.2014 00:25:21.215,699.98910,700.01090
GOOG,01.01.2014 00:25:22.713,699.98910,700.01090
GOOG,01.01.2014 00:25:24.081,699.98910,700.01090
GOOG,01.01.2014 00:25:25.398,699.98907,700.01093
GOOG,01.01.2014 00:25:26.637,699.98907,700.01093
GOOG,01.01.2014 00:25:28.240,699.98907,700.01093
GOOG,01.01.2014 00:25:29.621,699.98907,700.01093
GOOG,01.01.2014 00:25:31.002,699.98905,700.01095
GOOG,01.01.2014 00:25:32.181,699.98903,700.01097
GOOG,01.01.2014 00:25:33.439,699.98903,700.01097
GOOG,01.01.2014 00:25:34.796,699.98902,700.01098
GOOG,01.01.2014 00:25:36.036,699.98902,700.01098
GOOG,01.01.2014 00:25:37.639,699.98904,700.01096
GOOG,01.01.2014 00:25:39.058,699.98905,700.01095
GOOG,01.01.2014 00:25:40.500,699.98905,700.01095
GOOG,01.01.2014 00:25:41.836,699.98904,700.01096
GOOG,01.01.2014 00:25:43.416,699.98905,700.01095
GOOG,01.01.2014 00:25:44.888,699.98907,700.01093
GOOG,01.01.2014 00:25:46.193,699.98906,700.01094
GOOG,01.01.2014 00:25:47.741,699.98906,700.01094
GOOG,01.01.2014 00:25:49.110,699.98906,700.01094
GOOG,01.01.2014 00:25:50.385,699.98905,700.01095
GOOG,01.01.2014 00:25:51.873,699.98906,700.01094
GOOG,01.01.2014 00:25:53.226,699.98905,700.01095
GOOG,01.01.2014 00:25:54.582,699.98905,700.01095
GOOG,01.01.2014 00:25:56.192,699.98906,700.01094
GOOG,01.01.2014 00:25:57.557,699.98907,700.01093
GOOG,01.01.2014 00:25:59.031,699.98907,700.01093
GOOG,01.01.2014 00:26:00.366,699.98905,700.01095
GOOG,01.01.2014 00:26:01.908,699.98906,700.01094
GOOG,01.01.2014 00:26:03.121,699.98905,700.01095
GOOG,01.01.2014 00:26:04.453,699.98903,700.01097
GOOG,01.01.2014 00:26:05.656,699.98902,700.01098
GOOG,01.01.2014 00:26:06.935,699.98901,700.01099
GOOG,01.01.2014 00:26:08.336,699.98903,700.01097
GOOG,01.01.2014 00:26:09.695,699.98902,700.01098
GOOG,01.01.2014 00:26:11.106,699.98901,700.01099
GOOG,01.01.2014 00:26:12.704,699.98903,700.01097
GOOG,01.01.2014 00:26:14.265,699.98903,700.01097
GOOG,01.01.2014 00:26:15.576,699.98905,700.01095
GOOG,01.01.2014 00:26:16.957,699.98904,700.01096
GOOG,01.01.2014 00:26:18.344,699.98901,700.01099
GOOG,01.01.2014 00:26:19.599,699.98901,700.01099
GOOG,01.01.2014 00:26:20.874,699.98901,700.01099
GOOG,01.01.2014 00:26:22.362,699.98902,700.01098
GOOG,01.01.2014 00:26:23.502,699.98901,700.01099
GOOG,01.01.2014 00:26:24.945,699.98901,700.01099
GOOG,01.01.2014 00:26:26.469,699.98903,700.01097
GOOG,01.01.2014 00:26:27.937,699.98901,700.01099
GOOG,01.01.2014 00:26:29.159,699.98900,700.01100
GOOG,01.01.2014 00:26:30.509,699.98900,700.01100
GOOG,01.01.2014 00:26:31.944,699.98901,700.01099
GOOG,01.01.2014 00:26:33.276,699.98901,700.01099
GOOG,01.01.2014 00:26:34.567,699.98903,700.01097
GOOG,01.01.2014 00:26:36.035,699.98905,700.01095
GOOG,01.01.2014 00:26:37.502,699.98904,700.01096
GOOG,01.01.2014 00:26:38.729,699.98905,700.01095
GOOG,01.01.2014 00:26:40.249,699.98906,700.01094
GOOG,01.01.2014 00:26:41.602,699.98906,700.01094
GOOG,01.01.2014 00:26:43.081,699.98906,700.01094
GOOG,01.01.2014 00:26:44.421,699.98904,700.01096
GOOG,01.01.2014 00:26:45.995,699.98902,700.01098
GOOG,01.01.2014 00:26:47.403,699.98903,700.01097
GOOG,01.01.2014 00:26:48.720,699.98903,700.01097
GOOG,01.01.2014 00:26:50.162,699.98900,700.01100
GOOG,01.01.2014 00:26:51.627,699.98903,700.01097
GOOG,01.01.2014 00:26:53.132,699.98905,700.01095
GOOG,01.01.2014 00:26:54.494,699.98904,700.01096
GOOG,01.01.2014 00:26:56.093,699.98898,700.01102
GOOG,01.01.2014 00:26:57.554,699.98899,700.01101
GOOG,01.01.2014 00:26:59.008,699.98897,700.01103
GOOG,01.01.2014 00:27:00.375,699.98894,700.01106
GOOG,01.01.2014 00:27:01.798,699.98894,700.01106
GOOG,01.01.2014 00:27:03.265,699.98893,700.01107
GOOG,01.01.2014 00:27:04.749,699.98894,700.01106
GOOG,01.01.2014 00:27:06.093,699.98896,700.01104
GOOG,01.01.2014 00:27:07.537,699.98894,700.01106
GOOG,01.01.2014 00:27:08.983,699.98892,700.01108
GOOG,01.01.2014 00:27:10.382,699.98891,700.01109
GOOG,01.01.2014 00:27:11.673,699.98891,700.01109
GOOG,01.01.2014 00:27:13.143,699.98890,700.01110
GOOG,01.01.2014 00:27:14.513,699.98890,700.01110
GOOG,01.01.2014 00:27:15.762,699.98890,700.01110
GOOG,01.01.2014 00:27:17.251,699.98889,700.01111
GOOG,01.01.2014 00:27:18.701,699.98889,700.01111
GOOG,01.01.2014 00:27:20.101,699.98890,700.01110
GOOG,01.01.2014 00:27:21.571,699.98890,700.01110
GOOG,01.01.2014 00:27:23.020,699.98890,700.01110
GOOG,01.01.2014 00:27:24.205,699.98889,700.01111
GOOG,01.01.2014 00:27:25.557,699.98890,700.01110
GOOG,01.01.2014 00:27:27.027,699.98891,700.01109
GOOG,01.01.2014 00:27:28.533,699.98890,700.01110
GOOG,01.01.2014 00:27:30.001,699.98892,700.01108
GOOG,01.01.2014 00:27:31.522,699.98892,700.01108
GOOG,01.01.2014 00:27:32.885,699.98892,700.01108
GOOG,01.01.2014 00:27:34.108,699.98891,700.01109
GOOG,01.01.2014 00:27:35.405,699.98893,700.01107
GOOG,01.01.2014 00:27:36.652,699.98891,700.01109
GOOG,01.01.2014 00:27:37.989,699.98889,700.01111
GOOG,01.01.2014 00:27:39.336,699.98892,700.01108
GOOG,01.01.2014 00:27:40.624,699.98890,700.01110
GOOG,01.01.2014 00:27:42.009,699.98891,700.01109
GOOG,01.01.2014 00:27:43.425,699.98890,700.01110
GOOG,01.01.2014 00:27:44.936,699.98887,700.01113
GOOG,01.01.2014 00:27:46.300,699.98889,700.01111
GOOG,01.01.2014 00:27:47.659,699.98889,700.01111
GOOG,01.01.2014 00:27:48.963,699.98890,700.01110
GOOG,01.01.2014 00:27:50.397,699.98891,700.01109
GOOG,01.01.2014 00:27:51.800,699.98892,700.01108
GOOG,01.01.2014 00:27:53.177,699.98893,700.01107
GOOG,01.01.2014 00:27:54.666,699.98891,700.01109
GOOG,01.01.2014 00:27:55.882,699.98893,700.01107
GOOG,01.01.2014 00:27:57.132,699.98894,700.01106
GOOG,01.01.2014 00:27:58.524,699.98896,700.01104
GOOG,01.01.2014 00:27:59.831,699.98898,700.01102
GOOG,01.01.2014 00:28:01.252,699.98897,700.01103
GOOG,01.01.2014 00:28:02.580,699.98897,700.01103
GOOG,01.01.2014 00:28:03.925,699.98898,700.01102
GOOG,01.01.2014 00:28:05.493,699.98895,700.01105
GOOG,01.01.2014 00:28:06.763,699.98894,700.01106
GOOG,01.01.2014 00:28:08.244,699.98896,700.01104
GOOG,01.01.2014 00:28:09.726,699.98893,700.01107
GOOG,01.01.2014 00:28:11.014,699.98895,700.01105
GOOG,01.01.2014 00:28:12.515,699.98894,700.01106
GOOG,01.01.2014 00:28:13.970,699.98894,700.01106
GOOG,01.01.2014 00:28:15.410,699.98896,700.01104
GOOG,01.01.2014 00:28:16.914,699.98894,700.01106
GOOG,01.01.2014 00:28:18.291,699.98894,700.01106
GOOG,01.01.2014 00:28:19.538,699.98893,700.01107
GOOG,01.01.2014 00:28:20.995,699.98893,700.01107
GOOG,01.01.2014 00:28:22.508,699.98894,700.01106
GOOG,01.01.2014 00:28:23.964,699.98895,700.01105
GOOG,01.01.2014 00:28:25.362,699.98896,700.01104
GOOG,01.01.2014 00:28:26.784,699.98896,700.01104
GOOG,01.01.2014 00:28:28.171,699.98895,700.01105
GOOG,01.01.2014 00:28:29.528,699.98898,700.01102
GOOG,01.01.2014 00:28:31.103,699.98895,700.01105
GOOG,01.01.2014 00:28:32.373,699.98894,700.01106
GOOG,01.01.2014 00:28:33.723,699.98894,700.01106
GOOG,01.01.2014 00:28:35.152,699.98894,700.01106
GOOG,01.01.2014 00:28:36.474,699.98895,700.01105
GOOG,01.01.2014 00:28:37.782,699.98896,700.01104
GOOG,01.01.2014 00:28:39.176,699.98897,700.01103
GOOG,01.01.2014 00:28:40.644,699.98895,700.01105
GOOG,01.01.2014 00:28:41.986,699.98895,700.01105
GOOG,01.01.2014 00:28:43.436,699.98894,700.01106
GOOG,01.01.2014 00:28:44.844,699.98893,700.01107
GOOG,01.01.2014 00:28:46.292,699.98895,700.01105
GOOG,01.01.2014 00:28:47.779,699.98893,700.01107
GOOG,01.01.2014 00:28:49.102,699.98893,700.01107
GOOG,01.01.2014 00:28:50.571,699.98893,700.01107
GOOG,01.01.2014 00:28:52.078,699.98889,700.01111
GOOG,01.01.2014 00:28:53.399,699.98891,700.01109
GOOG,01.01.2014 00:28:54.830,699.98890,700.01110
GOOG,01.01.2014 00:28:56.207,699.98888,700.01112
GOOG,01.01.2014 00:28:57.473,699.98887,700.01113
GOOG,01.01.2014 00:28:58.812,699.98884,700.01116
GOOG,01.01.2014 00:29:00.411,699.98886,700.01114
GOOG,01.01.2014 00:29:01.757,699.98884,700.01116
GOOG,01.01.2014 00:29:03.118,699.98884,700.01116
GOOG,01.01.2014 00:29:04.520,699.98888,700.01112
GOOG,01.01.2014 00:29:05.919,699.98889,700.01111
GOOG,01.01.2014 00:29:07.270,699.98886,700.01114
GOOG,01.01.2014 00:29:08.544,699.98885,700.01115
GOOG,01.01.2014 00:29:09.916,699.98886,700.01114
GOOG,01.01.2014 00:29:11.395,699.98885,700.01115
GOOG,01.01.2014 00:29:12.852,699.98883,700.01117
GOOG,01.01.2014 00:29:14.219,699.98884,700.01116
GOOG,01.01.2014 00:29:15.511,699.98886,700.01114
GOOG,01.01.2014 00:29:17.205,699.98883,700.01117
GOOG,01.01.2014 00:29:18.470,699.98885,700.01115
GOOG,01.01.2014 00:29:19.919,699.98884,700.01116
GOOG,01.01.2014 00:29:21.373,699.98885,700.01115
GOOG,01.01.2014 00:29:22.761,699.98884,700.01116
GOOG,01.01.2014 00:29:24.169,699.98888,700.01112
GOOG,01.01.2014 00:29:25.547,699.98889,700.01111
GOOG,01.01.2014 00:29:26.964,699.98884,700.01116
GOOG,01.01.2014 00:29:28.401,699.98885,700.01115
GOOG,01.01.2014 00:29:29.893,699.98884,700.01116
GOOG,01.01.2014 00:29:31.335,699.98883,700.01117
GOOG,01.01.2014 00:29:32.941,699.98885,700.01115
GOOG,01.01.2014 00:29:34.388,699.98886,700.01114
GOOG,01.01.2014 00:29:35.844,699.98888,700.01112
GOOG,01.01.2014 00:29:37.202,699.98888,700.01112
GOOG,01.01.2014 00:29:38.699,699.98887,700.01113
GOOG,01.01.2014 00:29:39.975,699.98887,700.01113
GOOG,01.01.2014 00:29:41.304,699.98889,700.01111
GOOG,01.01.2014 00:29:42.682,699.98889,700.01111
GOOG,01.01.2014 00:29:44.325,699.98888,700.01112
GOOG,01.01.2014 00:29:45.587,699.98889,700.01111
GOOG,01.01.2014 00:29:47.089,699.98886,700.01114
GOOG,01.01.2014 00:29:48.331,699.98888,700.01112
GOOG,01.01.2014 00:29:49.918,699.98888,700.01112
GOOG,01.01.2014 00:29:51.231,699.98887,700.01113
GOOG,01.01.2014 00:29:52.367,699.98887,700.01113
GOOG,01.01.2014 00:29:53.800,699.98885,700.01115
GOOG,01.01.2014 00:29:55.099,699.98885,700.01115
GOOG,01.01.2014 00:29:56.406,699.98885,700.01115
GOOG,01.01.2014 00:29:57.717,699.98885,700.01115
GOOG,01.01.2014 00:29:59.017,699.98884,700.01116
GOOG,01.01.2014 00:30:00.503,699.98885,700.01115
GOOG,01.01.2014 00:30:01.907,699.98887,700.01113
GOOG,01.01.2014 00:30:03.277,699.98887,700.01113
GOOG,01.01.2014 00:30:04.939,699.98889,700.01111
GOOG,01.01.2014 00:30:06.485,699.98888,700.01112
GOOG,01.01.2014 00:30:07.913,699.98885,700.01115
GOOG,01.01.2014 00:30:09.350,699.98884,700.01116
GOOG,01.01.2014 00:30:10.745,699.98882,700.01118
GOOG,01.01.2014 00:30:12.255,699.98883,700.01117
GOOG,01.01.2014 00:30:13.523,699.98883,700.01117
GOOG,01.01.2014 00:30:14.843,699.98884,700.01116
GOOG,01.01.2014 00:30:16.367,699.98884,700.01116
GOOG,01.01.2014 00:30:17.762,699.98884,700.01116
GOOG,01.01.2014 00:30:19.247,699.98888,700.01112
GOOG,01.01.2014 00:30:20.587,699.98888,700.01112
GOOG,01.01.2014 00:30:22.107,699.98889,700.01111
GOOG,01.01.2014 00:30:23.319,699.98888,700.01112
GOOG,01.01.2014 00:30:24.655,699.98890,700.01110
GOOG,01.01.2014 00:30:25.993,699.98890,700.01110
GOOG,01.01.2014 00:30:27.332,699.98893,700.01107
GOOG,01.01.2014 00:30:28.822,699.98891,700.01109
GOOG,01.01.2014 00:30:30.287,699.98893,700.01107
GOOG,01.01.2014 00:30:31.667,699.98893,700.01107
GOOG,01.01.2014 00:30:33.127,699.98892,700.01108
GOOG,01.01.2014 00:30:34.454,699.98892,700.01108
GOOG,01.01.2014 00:30:35.899,699.98889,700.01111
GOOG,01.01.2014 00:30:37.370,699.98888,700.01112
GOOG,01.01.2014 00:30:38.778,699.98886,700.01114
GOOG,01.01.2014 00:30:40.219,699.98887,700.01113
GOOG,01.01.2014 00:30:41.759,699.98886,700.01114
GOOG,01.01.2014 00:30:43.115,699.98887,700.01113
GOOG,01.01.2014 00:30:44.545,699.98886,700.01114
GOOG,01.01.2014 00:30:45.965,699.98885,700.01115
GOOG,01.01.2014 00:30:47.535,699.98883,700.01117
GOOG,01.01.2014 00:30:48.954,699.98882,700.01118
GOOG,01.01.2014 00:30:50.250,699.98881,700.01119
GOOG,01.01.2014 00:30:51.831,699.98882,700.01118
GOOG,01.01.2014 00:30:53.147,699.98883,700.01117
GOOG,01.01.2014 00:30:54.438,699.98884,700.01116
GOOG,01.01.2014 00:30:55.801,699.98886,700.01114
GOOG,01.01.2014 00:30:57.202,699.98885,700.01115
GOOG,01.01.2014 00:30:58.511,699.98882,700.01118
GOOG,01.01.2014 00:30:59.962,699.98881,700.01119
GOOG,01.01.2014 00:31:01.297,699.98879,700.01121
GOOG,01.01.2014 00:31:02.587,699.98878,700.01122
GOOG,01.01.2014 00:31:04.005,699.98877,700.01123
GOOG,01.01.2014 00:31:05.287,699.98878,700.01122
GOOG,01.01.2014 00:31:06.747,699.98880,700.01120
GOOG,01.01.2014 00:31:08.193,699.98882,700.01118
GOOG,01.01.2014 00:31:09.678,699.98884,700.01116
GOOG,01.01.2014 00:31:11.133,699.98883,700.01117
GOOG,01.01.2014 00:31:12.463,699.98882,700.01118
GOOG,01.01.2014 00:31:13.890,699.98883,700.01117
GOOG,01.01.2014 00:31:15.189,699.98886,700.01114
GOOG,01.01.2014 00:31:16.624,699.98889,700.01111
GOOG,01.01.2014 00:31:18.033,699.98889,700.01111
GOOG,01.01.2014 00:31:19.501,699.98890,700.01110
GOOG,01.01.2014 00:31:20.868,699.98889,700.01111
GOOG,01.01.2014 00:31:22.302,699.98888,700.01112
GOOG,01.01.2014 00:31:23.749,699.98891,700.01109
GOOG,01.01.2014 00:31:25.224,699.98890,700.01110
GOOG,01.01.2014 00:31:26.523,699.98890,700.01110
GOOG,01.01.2014 00:31:27.919,699.98890,700.01110
GOOG,01.01.2014 00:31:29.352,699.98888,700.01112
GOOG,01.01.2014 00:31:30.860,699.98890,700.01110
GOOG,01.01.2014 00:31:32.322,699.98888,700.01112
GOOG,01.01.2014 00:31:33.761,699.98886,700.01114
GOOG,01.01.2014 00:31:35.362,699.98884,700.01116
GOOG,01.01.2014 00:31:36.787,699.98882,700.01118
GOOG,01.01.2014 00:31:38.202,699.98882,700.01118
GOOG,01.01.2014 00:31:39.567,699.98880,700.01120
GOOG,01.01.2014 00:31:40.885,699.98878,700.01122
GOOG,01.01.2014 00:31:42.335,699.98880,700.01120
GOOG,01.01.2014 00:31:43.772,699.98883,700.01117
GOOG,01.01.2014 00:31:45.234,699.98882,700.01118
GOOG,01.01.2014 00:31:46.575,699.98882,700.01118
GOOG,01.01.2014 00:31:48.170,699.98883,700.01117
GOOG,01.01.2014 00:31:49.464,699.98880,700.01120
GOOG,01.01.2014 00:31:51.061,699.98880,700.01120
GOOG,01.01.2014 00:31:52.562,699.98878,700.01122
GOOG,01.01.2014 00:31:53.887,699.98879,700.01121
GOOG,01.01.2014 00:31:55.411,699.98876,700.01124
GOOG,01.01.2014 00:31:56.867,699.98877,700.01123
GOOG,01.01.2014 00:31:58.466,699.98878,700.01122
GOOG,01.01.2014 00:31:59.832,699.98878,700.01122
GOOG,01.01.2014 00:32:01.387,699.98876,700.01124
GOOG,01.01.2014 00:32:02.829,699.98876,700.01124
GOOG,01.01.2014 00:32:04.233,699.98875,700.01125
GOOG,01.01.2014 00:32:05.380,699.98875,700.01125
GOOG,01.01.2014 00:32:06.804,699.98877,700.01123
GOOG,01.01.2014 00:32:08.243,699.98877,700.01123
GOOG,01.01.2014 00:32:09.819,699.98874,700.01126
GOOG,01.01.2014 00:32:11.172,699.98875,700.01125
GOOG,01.01.2014 00:32:12.565,699.98875,700.01125
GOOG,01.01.2014 00:32:13.984,699.98877,700.01123
GOOG,01.01.2014 00:32:15.271,699.98876,700.01124
GOOG,01.01.2014 00:32:16.734,699.98877,700.01123
GOOG,01.01.2014 00:32:18.224,699.98878,700.01122
GOOG,01.01.2014 00:32:19.649,699.98877,700.01123
GOOG,01.01.2014 00:32:21.046,699.98876,700.01124
GOOG,01.01.2014 00:32:22.394,699.98876,700.01124
GOOG,01.01.2014 00:32:23.773,699.98878,700.01122
GOOG,01.01.2014 00:32:25.156,699.98880,700.01120
GOOG,01.01.2014 00:32:26.507,699.98880,700.01120
GOOG,01.01.2014 00:32:27.881,699.98881,700.01119
GOOG,01.01.2014 00:32:29.275,699.98880,700.01120
GOOG,01.01.2014 00:32:30.762,699.98881,700.01119
GOOG,01.01.2014 00:32:32.042,699.98883,700.01117
GOOG,01.01.2014 00:32:33.393,699.98883,700.01117
GOOG,01.01.2014 00:32:34.716,699.98885,700.01115
GOOG,01.01.2014 00:32:36.071,699.98885,700.01115
GOOG,01.01.2014 00:32:37.530,699.98886,700.01114
GOOG,01.01.2014 00:32:38.889,699.98887,700.01113
GOOG,01.01.2014 00:32:40.286,699.98889,700.01111
GOOG,01.01.2014 00:32:41.743,699.98892,700.01108
GOOG,01.01.2014 00:32:43.107,699.98891,700.01109
GOOG,01.01.2014 00:32:44.525,699.98887,700.01113
GOOG,01.01.2014 00:32:45.960,699.98889,700.01111
GOOG,01.01.2014 00:32:47.351,699.98891,700.01109
GOOG,01.01.2014 00:32:48.743,699.98893,700.01107
GOOG,01.01.2014 00:32:50.234,699.98894,700.01106
GOOG,01.01.2014 00:32:51.623,699.98895,700.01105
GOOG,01.01.2014 00:32:53.196,699.98895,700.01105
GOOG,01.01.2014 00:32:54.780,699.98894,700.01106
GOOG,01.01.2014 00:32:56.228,699.98893,700.01107
GOOG,01.01.2014 00:32:57.667,699.98896,700.01104
GOOG,01.01.2014 00:32:59.039,699.98895,700.01105
GOOG,01.01.2014 00:33:00.435,699.98897,700.01103
GOOG,01.01.2014 00:33:01.829,699.98895,700.01105
GOOG,01.01.2014 00:33:03.354,699.98895,700.01105
GOOG,01.01.2014 00:33:04.849,699.98895,700.01105
GOOG,01.01.2014 00:33:06.079,699.98897,700.01103
GOOG,01.01.2014 00:33:07.635,699.98897,700.01103
GOOG,01.01.2014 00:33:09.011,699.98898,700.01102
GOOG,01.01.2014 00:33:10.601,699.98895,700.01105
GOOG,01.01.2014 00:33:12.223,699.98895,700.01105
GOOG,01.01.2014 00:33:13.653,699.98897,700.01103
GOOG,01.01.2014 00:33:15.200,699.98899,700.01101
GOOG,01.01.2014 00:33:16.622,699.98901,700.01099
GOOG,01.01.2014 00:33:17.963,699.98903,700.01097
GOOG,01.01.2014 00:33:19.302,699.98903,700.01097
GOOG,01.01.2014 00:33:20.647,699.98902,700.01098
GOOG,01.01.2014 00:33:21.937,699.98902,700.01098
GOOG,01.01.2014 00:33:23.459,699.98903,700.01097
GOOG,01.01.2014 00:33:24.787,699.98903,700.01097
GOOG,01.01.2014 00:33:26.305,699.98903,700.01097
GOOG,01.01.2014 00:33:27.652,699.98902,700.01098
GOOG,01.01.2014 00:33:28.942,699.98901,700.01099
GOOG,01.01.2014 00:33:30.382,699.98901,700.01099
GOOG,01.01.2014 00:33:31.699,699.98903,700.01097
GOOG,01.01.2014 00:33:33.152,699.98901,700.01099
GOOG,01.01.2014 00:33:34.488,699.98900,700.01100
GOOG,01.01.2014 00:33:35.680,699.98901,700.01099
GOOG,01.01.2014 00:33:37.077,699.98902,700.01098
GOOG,01.01.2014 00:33:38.383,699.98903,700.01097
GOOG,01.01.2014 00:33:39.812,699.98904,700.01096
GOOG,01.01.2014 00:33:40.988,699.98907,700.01093
GOOG,01.01.2014 00:33:42.328,699.98906,700.01094
GOOG,01.01.2014 00:33:43.453,699.98906,700.01094
GOOG,01.01.2014 00:33:44.800,699.98904,700.01096
GOOG,01.01.2014 00:33:46.162,699.98904,700.01096
GOOG,01.01.2014 00:33:47.576,699.98907,700.01093
GOOG,01.01.2014 00:33:49.053,699.98907,700.01093
GOOG,01.01.2014 00:33:50.503,699.98900,700.01100
GOOG,01.01.2014 00:33:51.695,699.98898,700.01102
GOOG,01.01.2014 00:33:53.066,699.98897,700.01103
GOOG,01.01.2014 00:33:54.462,699.98898,700.01102
GOOG,01.01.2014 00:33:55.805,699.98898,700.01102
GOOG,01.01.2014 00:33:57.053,699.98896,700.01104
GOOG,01.01.2014 00:33:58.411,699.98898,700.01102
GOOG,01.01.2014 00:33:59.766,699.98896,700.01104
GOOG,01.01.2014 00:34:01.113,699.98896,700.01104
GOOG,01.01.2014 00:34:02.440,699.98895,700.01105
GOOG,01.01.2014 00:34:03.908,699.98891,700.01109
GOOG,01.01.2014 00:34:05.291,699.98890,700.01110
GOOG,01.01.2014 00:34:06.701,699.98888,700.01112
GOOG,01.01.2014 00:34:08.029,699.98887,700.01113
GOOG,01.01.2014 00:34:09.409,699.98887,700.01113
GOOG,01.01.2014 00:34:10.818,699.98887,700.01113
GOOG,01.01.2014 00:34:12.207,699.98886,700.01114
GOOG,01.01.2014 00:34:13.765,699.98885,700.01115
GOOG,01.01.2014 00:34:15.252,699.98885,700.01115
GOOG,01.01.2014 00:34:16.563,699.98884,700.01116
GOOG,01.01.2014 00:34:18.050,699.98881,700.01119
GOOG,01.01.2014 00:34:19.390,699.98882,700.01118
GOOG,01.01.2014 00:34:20.626,699.98882,700.01118
GOOG,01.01.2014 00:34:22.126,699.98883,700.01117
GOOG,01.01.2014 00:34:23.590,699.98884,700.01116
GOOG,01.01.2014 00:34:25.022,699.98885,700.01115
GOOG,01.01.2014 00:34:26.431,699.98890,700.01110
GOOG,01.01.2014 00:34:27.812,699.98893,700.01107
GOOG,01.01.2014 00:34:29.332,699.98892,700.01108
GOOG,01.01.2014 00:34:30.779,699.98889,700.01111
GOOG,01.01.2014 00:34:32.084,699.98886,700.01114
GOOG,01.01.2014 00:34:33.577,699.98887,700.01113
GOOG,01.01.2014 00:34:35.091,699.98889,700.01111
GOOG,01.01.2014 00:34:36.409,699.98890,700.01110
GOOG,01.01.2014 00:34:37.756,699.98891,700.01109
GOOG,01.01.2014 00:34:39.278,699.98892,700.01108
GOOG,01.01.2014 00:34:40.713,699.98893,700.01107
GOOG,01.01.2014 00:34:41.931,699.98892,700.01108
GOOG,01.01.2014 00:34:43.140,699.98892,700.01108
GOOG,01.01.2014 00:34:44.403,699.98889,700.01111
GOOG,01.01.2014 00:34:45.894,699.98889,700.01111
GOOG,01.01.2014 00:34:47.421,699.98891,700.01109
GOOG,01.01.2014 00:34:48.875,699.98890,700.01110
GOOG,01.01.2014 00:34:50.301,699.98888,700.01112
GOOG,01.01.2014 00:34:51.775,699.98888,700.01112
GOOG,01.01.2014 00:34:53.009,699.98889,700.01111
GOOG,01.01.2014 00:34:54.397,699.98889,700.01111
GOOG,01.01.2014 00:34:55.684,699.98885,700.01115
GOOG,01.01.2014 00:34:57.235,699.98884,700.01116
GOOG,01.01.2014 00:34:58.643,699.98885,700.01115
GOOG,01.01.2014 00:34:59.947,699.98885,700.01115
GOOG,01.01.2014 00:35:01.373,699.98887,700.01113
GOOG,01.01.2014 00:35:02.807,699.98887,700.01113
GOOG,01.01.2014 00:35:04.016,699.98888,700.01112
GOOG,01.01.2014 00:35:05.374,699.98885,700.01115
GOOG,01.01.2014 00:35:06.830,699.98887,700.01113
GOOG,01.01.2014 00:35:08.279,699.98890,700.01110
GOOG,01.01.2014 00:35:09.787,699.98891,700.01109
GOOG,01.01.2014 00:35:11.178,699.98889,700.01111
GOOG,01.01.2014 00:35:12.449,699.98891,700.01109
GOOG,01.01.2014 00:35:13.791,699.98889,700.01111
GOOG,01.01.2014 00:35:15.039,699.98893,700.01107
GOOG,01.01.2014 00:35:16.394,699.98892,700.01108
GOOG,01.01.2014 00:35:17.914,699.98893,700.01107
GOOG,01.01.2014 00:35:19.272,699.98891,700.01109
GOOG,01.01.2014 00:35:20.485,699.98892,700.01108
GOOG,01.01.2014 00:35:21.904,699.98891,700.01109
GOOG,01.01.2014 00:35:23.253,699.98891,700.01109
GOOG,01.01.2014 00:35:24.405,699.98892,700.01108
GOOG,01.01.2014 00:35:25.850,699.98894,700.01106
GOOG,01.01.2014 00:35:27.256,699.98893,700.01107
GOOG,01.01.2014 00:35:28.622,699.98893,700.01107
GOOG,01.01.2014 00:35:29.925,699.98893,700.01107
GOOG,01.01.2014 00:35:31.386,699.98893,700.01107
GOOG,01.01.2014 00:35:32.728,699.98892,700.01108
GOOG,01.01.2014 00:35:34.199,699.98896,700.01104
GOOG,01.01.2014 00:35:35.715,699.98896,700.01104
GOOG,01.01.2014 00:35:37.158,699.98894,700.01106
GOOG,01.01.2014 00:35:38.421,699.98895,700.01105
GOOG,01.01.2014 00:35:39.792,699.98897,700.01103
GOOG,01.01.2014 00:35:41.365,699.98898,700.01102
GOOG,01.01.2014 00:35:42.710,699.98898,700.01102
GOOG,01.01.2014 00:35:43.989,699.98899,700.01101
GOOG,01.01.2014 00:35:45.421,699.98899,700.01101
GOOG,01.01.2014 00:35:46.812,699.98900,700.01100
GOOG,01.01.2014 00:35:48.060,699.98899,700.01101
GOOG,01.01.2014 00:35:49.636,699.98899,700.01101
GOOG,01.01.2014 00:35:51.058,699.98898,700.01102
GOOG,01.01.2014 00:35:52.331,699.98896,700.01104
GOOG,01.01.2014 00:35:53.752,699.98893,700.01107
GOOG,01.01.2014 00:35:55.078,699.98890,700.01110
GOOG,01.01.2014 00:35:56.556,699.98889,700.01111
GOOG,01.01.2014 00:35:57.979,699.98890,700.01110
GOOG,01.01.2014 00:35:59.499,699.98890,700.01110
GOOG,01.01.2014 00:36:00.703,699.98891,700.01109
GOOG,01.01.2014 00:36:02.084,699.98891,700.01109
GOOG,01.01.2014 00:36:03.478,699.98889,700.01111
GOOG,01.01.2014 00:36:04.683,699.98888,700.01112
GOOG,01.01.2014 00:36:05.901,699.98887,700.01113
GOOG,01.01.2014 00:36:07.292,699.98887,700.01113
GOOG,01.01.2014 00:36:08.606,699.98885,700.01115
GOOG,01.01.2014 00:36:10.110,699.98884,700.01116
GOOG,01.01.2014 00:36:11.497,699.98883,700.01117
GOOG,01.01.2014 00:36:12.826,699.98881,700.01119
GOOG,01.01.2014 00:36:14.391,699.98880,700.01120
GOOG,01.01.2014 00:36:15.718,699.98879,700.01121
GOOG,01.01.2014 00:36:16.989,699.98878,700.01122
GOOG,01.01.2014 00:36:18.434,699.98881,700.01119
GOOG,01.01.2014 00:36:19.718,699.98882,700.01118
GOOG,01.01.2014 00:36:21.088,699.98884,700.01116
GOOG,01.01.2014 00:36:22.527,699.98883,700.01117
GOOG,01.01.2014 00:36:23.907,699.98884,700.01116
GOOG,01.01.2014 00:36:25.412,699.98882,700.01118
GOOG,01.01.2014 00:36:26.764,699.98882,700.01118
GOOG,01.01.2014 00:36:28.213,699.98883,700.01117
GOOG,01.01.2014 00:36:29.599,699.98882,700.01118
GOOG,01.01.2014 00:36:30.808,699.98880,700.01120
GOOG,01.01.2014 00:36:32.215,699.98881,700.01119
GOOG,01.01.2014 00:36:33.606,699.98881,700.01119
GOOG,01.01.2014 00:36:34.833,699.98879,700.01121
GOOG,01.01.2014 00:36:36.237,699.98878,700.01122
GOOG,01.01.2014 00:36:37.732,699.98880,700.01120
GOOG,01.01.2014 00:36:39.180,699.98880,700.01120
GOOG,01.01.2014 00:36:40.664,699.98884,700.01116
GOOG,01.01.2014 00:36:42.054,699.98885,700.01115
GOOG,01.01.2014 00:36:43.498,699.98884,700.01116
GOOG,01.01.2014 00:36:44.827,699.98885,700.01115
GOOG,01.01.2014 00:36:46.216,699.98887,700.01113
GOOG,01.01.2014 00:36:47.700,699.98887,700.01113
GOOG,01.01.2014 00:36:48.809,699.98888,700.01112
GOOG,01.01.2014 00:36:50.106,699.98890,700.01110
GOOG,01.01.2014 00:36:51.382,699.98890,700.01110
GOOG,01.01.2014 00:36:52.915,699.98889,700.01111
GOOG,01.01.2014 00:36:54.254,699.98889,700.01111
GOOG,01.01.2014 00:36:55.608,699.98890,700.01110
GOOG,01.01.2014 00:36:56.893,699.98892,700.01108
GOOG,01.01.2014 00:36:58.254,699.98892,700.01108
GOOG,01.01.2014 00:36:59.644,699.98893,700.01107
GOOG,01.01.2014 00:37:00.949,699.98892,700.01108
GOOG,01.01.2014 00:37:02.218,699.98891,700.01109
GOOG,01.01.2014 00:37:03.517,699.98892,700.01108
GOOG,01.01.2014 00:37:04.771,699.98893,700.01107
GOOG,01.01.2014 00:37:06.268,699.98892,700.01108
GOOG,01.01.2014 00:37:07.766,699.98891,700.01109
GOOG,01.01.2014 00:37:09.056,699.98891,700.01109
GOOG,01.01.2014 00:37:10.378,699.98889,700.01111
GOOG,01.01.2014 00:37:11.658,699.98888,700.01112
GOOG,01.01.2014 00:37:13.147,699.98885,700.01115
GOOG,01.01.2014 00:37:14.506,699.98884,700.01116
GOOG,01.01.2014 00:37:16.135,699.98885,700.01115
GOOG,01.01.2014 00:37:17.381,699.98888,700.01112
GOOG,01.01.2014 00:37:18.852,699.98891,700.01109
GOOG,01.01.2014 00:37:20.215,699.98890,700.01110
GOOG,01.01.2014 00:37:21.634,699.98889,700.01111
GOOG,01.01.2014 00:37:23.056,699.98887,700.01113
GOOG,01.01.2014 00:37:24.361,699.98888,700.01112
GOOG,01.01.2014 00:37:25.683,699.98887,700.01113
GOOG,01.01.2014 00:37:27.173,699.98886,700.01114
GOOG,01.01.2014 00:37:28.692,699.98888,700.01112
GOOG,01.01.2014 00:37:30.259,699.98886,700.01114
GOOG,01.01.2014 00:37:31.732,699.98882,700.01118
GOOG,01.01.2014 00:37:32.966,699.98883,700.01117
GOOG,01.01.2014 00:37:34.293,699.98882,700.01118
GOOG,01.01.2014 00:37:35.588,699.98881,700.01119
GOOG,01.01.2014 00:37:37.125,699.98880,700.01120
GOOG,01.01.2014 00:37:38.553,699.98881,700.01119
GOOG,01.01.2014 00:37:39.869,699.98879,700.01121
GOOG,01.01.2014 00:37:41.347,699.98880,700.01120
GOOG,01.01.2014 00:37:42.705,699.98883,700.01117
GOOG,01.01.2014 00:37:43.998,699.98880,700.01120
GOOG,01.01.2014 00:37:45.270,699.98880,700.01120
GOOG,01.01.2014 00:37:46.770,699.98882,700.01118
GOOG,01.01.2014 00:37:48.189,699.98880,700.01120
GOOG,01.01.2014 00:37:49.590,699.98876,700.01124
GOOG,01.01.2014 00:37:50.823,699.98874,700.01126
GOOG,01.01.2014 00:37:52.206,699.98873,700.01127
GOOG,01.01.2014 00:37:53.650,699.98874,700.01126
GOOG,01.01.2014 00:37:55.073,699.98877,700.01123
GOOG,01.01.2014 00:37:56.533,699.98877,700.01123
GOOG,01.01.2014 00:37:57.997,699.98875,700.01125
GOOG,01.01.2014 00:37:59.434,699.98875,700.01125
GOOG,01.01.2014 00:38:00.746,699.98876,700.01124
GOOG,01.01.2014 00:38:02.264,699.98873,700.01127
GOOG,01.01.2014 00:38:03.641,699.98873,700.01127
GOOG,01.01.2014 00:38:04.950,699.98871,700.01129
GOOG,01.01.2014 00:38:06.417,699.98868,700.01132
GOOG,01.01.2014 00:38:07.729,699.98869,700.01131
GOOG,01.01.2014 00:38:09.152,699.98867,700.01133
GOOG,01.01.2014 00:38:10.531,699.98869,700.01131
GOOG,01.01.2014 00:38:12.019,699.98868,700.01132
GOOG,01.01.2014 00:38:13.327,699.98866,700.01134
GOOG,01.01.2014 00:38:14.844,699.98865,700.01135
GOOG,01.01.2014 00:38:16.252,699.98864,700.01136
GOOG,01.01.2014 00:38:17.566,699.98864,700.01136
GOOG,01.01.2014 00:38:18.751,699.98863,700.01137
GOOG,01.01.2014 00:38:19.994,699.98861,700.01139
GOOG,01.01.2014 00:38:21.361,699.98861,700.01139
GOOG,01.01.2014 00:38:22.699,699.98862,700.01138
GOOG,01.01.2014 00:38:24.241,699.98866,700.01134
GOOG,01.01.2014 00:38:25.768,699.98866,700.01134
GOOG,01.01.2014 00:38:27.048,699.98867,700.01133
GOOG,01.01.2014 00:38:28.615,699.98869,700.01131
GOOG,01.01.2014 00:38:29.900,699.98867,700.01133
GOOG,01.01.2014 00:38:31.334,699.98869,700.01131
GOOG,01.01.2014 00:38:32.755,699.98871,700.01129
GOOG,01.01.2014 00:38:34.265,699.98869,700.01131
GOOG,01.01.2014 00:38:35.719,699.98868,700.01132
GOOG,01.01.2014 00:38:37.295,699.98868,700.01132
GOOG,01.01.2014 00:38:38.577,699.98867,700.01133
GOOG,01.01.2014 00:38:40.185,699.98869,700.01131
GOOG,01.01.2014 00:38:41.549,699.98869,700.01131
GOOG,01.01.2014 00:38:42.944,699.98870,700.01130
GOOG,01.01.2014 00:38:44.456,699.98866,700.01134
GOOG,01.01.2014 00:38:45.875,699.98868,700.01132
GOOG,01.01.2014 00:38:47.121,699.98867,700.01133
GOOG,01.01.2014 00:38:48.631,699.98866,700.01134
GOOG,01.01.2014 00:38:50.031,699.98867,700.01133
GOOG,01.01.2014 00:38:51.321,699.98866,700.01134
GOOG,01.01.2014 00:38:52.813,699.98869,700.01131
GOOG,01.01.2014 00:38:54.372,699.98868,700.01132
GOOG,01.01.2014 00:38:55.912,699.98870,700.01130
GOOG,01.01.2014 00:38:57.175,699.98870,700.01130
GOOG,01.01.2014 00:38:58.625,699.98867,700.01133
GOOG,01.01.2014 00:39:00.096,699.98868,700.01132
GOOG,01.01.2014 00:39:01.393,699.98866,700.01134
GOOG,01.01.2014 00:39:02.697,699.98863,700.01137
GOOG,01.01.2014 00:39:04.069,699.98861,700.01139
GOOG,01.01.2014 00:39:05.536,699.98861,700.01139
GOOG,01.01.2014 00:39:06.884,699.98862,700.01138
GOOG,01.01.2014 00:39:08.327,699.98862,700.01138
GOOG,01.01.2014 00:39:09.668,699.98862,700.01138
GOOG,01.01.2014 00:39:11.076,699.98865,700.01135
GOOG,01.01.2014 00:39:12.522,699.98867,700.01133
GOOG,01.01.2014 00:39:13.806,699.98869,700.01131
GOOG,01.01.2014 00:39:15.027,699.98871,700.01129
GOOG,01.01.2014 00:39:16.356,699.98868,700.01132
GOOG,01.01.2014 00:39:17.703,699.98868,700.01132
GOOG,01.01.2014 00:39:19.143,699.98868,700.01132
GOOG,01.01.2014 00:39:20.536,699.98870,700.01130
GOOG,01.01.2014 00:39:22.081,699.98867,700.01133
GOOG,01.01.2014 00:39:23.313,699.98868,700.01132
GOOG,01.01.2014 00:39:24.685,699.98870,700.01130
GOOG,01.01.2014 00:39:26.135,699.98871,700.01129
GOOG,01.01.2014 00:39:27.752,699.98869,700.01131
GOOG,01.01.2014 00:39:29.173,699.98867,700.01133
GOOG,01.01.2014 00:39:30.683,699.98868,700.01132
GOOG,01.01.2014 00:39:32.002,699.98868,700.01132
GOOG,01.01.2014 00:39:33.488,699.98867,700.01133
GOOG,01.01.2014 00:39:34.730,699.98869,700.01131
GOOG,01.01.2014 00:39:36.123,699.98869,700.01131
GOOG,01.01.2014 00:39:37.720,699.98871,700.01129
GOOG,01.01.2014 00:39:39.171,699.98869,700.01131
GOOG,01.01.2014 00:39:40.798,699.98870,700.01130
GOOG,01.01.2014 00:39:42.247,699.98869,700.01131
GOOG,01.01.2014 00:39:43.667,699.98869,700.01131
GOOG,01.01.2014 00:39:45.110,699.98873,700.01127
GOOG,01.01.2014 00:39:46.578,699.98873,700.01127
GOOG,01.01.2014 00:39:47.956,699.98870,700.01130
GOOG,01.01.2014 00:39:49.289,699.98870,700.01130
GOOG,01.01.2014 00:39:50.888,699.98872,700.01128
GOOG,01.01.2014 00:39:52.233,699.98872,700.01128
GOOG,01.01.2014 00:39:53.717,699.98872,700.01128
GOOG,01.01.2014 00:39:54.988,699.98872,700.01128
GOOG,01.01.2014 00:39:56.327,699.98872,700.01128
GOOG,01.01.2014 00:39:57.769,699.98872,700.01128
GOOG,01.01.2014 00:39:58.992,699.98870,700.01130
GOOG,01.01.2014 00:40:00.417,699.98868,700.01132
GOOG,01.01.2014 00:40:01.862,699.98866,700.01134
GOOG,01.01.2014 00:40:03.308,699.98864,700.01136
GOOG,01.01.2014 00:40:04.760,699.98864,700.01136
GOOG,01.01.2014 00:40:06.388,699.98862,700.01138
GOOG,01.01.2014 00:40:07.845,699.98865,700.01135
GOOG,01.01.2014 00:40:09.116,699.98864,700.01136
GOOG,01.01.2014 00:40:10.531,699.98865,700.01135
GOOG,01.01.2014 00:40:11.945,699.98863,700.01137
GOOG,01.01.2014 00:40:13.414,699.98864,700.01136
GOOG,01.01.2014 00:40:14.803,699.98866,700.01134
GOOG,01.01.2014 00:40:16.164,699.98866,700.01134
GOOG,01.01.2014 00:40:17.517,699.98868,700.01132
GOOG,01.01.2014 00:40:18.904,699.98869,700.01131
GOOG,01.01.2014 00:40:20.011,699.98867,700.01133
GOOG,01.01.2014 00:40:21.520,699.98867,700.01133
GOOG,01.01.2014 00:40:22.922,699.98869,700.01131
GOOG,01.01.2014 00:40:24.491,699.98866,700.01134
GOOG,01.01.2014 00:40:25.907,699.98864,700.01136
GOOG,01.01.2014 00:40:27.325,699.98866,700.01134
GOOG,01.01.2014 00:40:28.683,699.98866,700.01134
GOOG,01.01.2014 00:40:30.038,699.98866,700.01134
GOOG,01.01.2014 00:40:31.429,699.98867,700.01133
GOOG,01.01.2014 00:40:32.834,699.98868,700.01132
GOOG,01.01.2014 00:40:34.162,699.98870,700.01130
GOOG,01.01.2014 00:40:35.660,699.98874,700.01126
GOOG,01.01.2014 00:40:37.175,699.98871,700.01129
GOOG,01.01.2014 00:40:38.545,699.98876,700.01124
GOOG,01.01.2014 00:40:39.909,699.98876,700.01124
GOOG,01.01.2014 00:40:41.208,699.98876,700.01124
GOOG,01.01.2014 00:40:42.761,699.98875,700.01125
GOOG,01.01.2014 00:40:44.069,699.98878,700.01122
GOOG,01.01.2014 00:40:45.436,699.98878,700.01122
GOOG,01.01.2014 00:40:46.885,699.98879,700.01121
GOOG,01.01.2014 00:40:48.337,699.98876,700.01124
GOOG,01.01.2014 00:40:49.818,699.98876,700.01124
GOOG,01.01.2014 00:40:51.200,699.98876,700.01124
GOOG,01.01.2014 00:40:52.718,699.98877,700.01123
GOOG,01.01.2014 00:40:54.122,699.98877,700.01123
GOOG,01.01.2014 00:40:55.472,699.98879,700.01121
GOOG,01.01.2014 00:40:56.905,699.98880,700.01120
GOOG,01.01.2014 00:40:58.355,699.98880,700.01120
GOOG,01.01.2014 00:40:59.877,699.98882,700.01118
GOOG,01.01.2014 00:41:01.448,699.98885,700.01115
GOOG,01.01.2014 00:41:02.891,699.98884,700.01116
GOOG,01.01.2014 00:41:04.212,699.98884,700.01116
GOOG,01.01.2014 00:41:05.740,699.98888,700.01112
GOOG,01.01.2014 00:41:07.190,699.98892,700.01108
GOOG,01.01.2014 00:41:08.493,699.98889,700.01111
GOOG,01.01.2014 00:41:09.835,699.98891,700.01109
GOOG,01.01.2014 00:41:11.215,699.98888,700.01112
GOOG,01.01.2014 00:41:12.432,699.98889,700.01111
GOOG,01.01.2014 00:41:13.982,699.98886,700.01114
GOOG,01.01.2014 00:41:15.372,699.98888,700.01112
GOOG,01.01.2014 00:41:16.981,699.98885,700.01115
GOOG,01.01.2014 00:41:18.449,699.98886,700.01114
GOOG,01.01.2014 00:41:19.844,699.98887,700.01113
GOOG,01.01.2014 00:41:21.277,699.98884,700.01116
GOOG,01.01.2014 00:41:22.765,699.98886,700.01114
GOOG,01.01.2014 00:41:24.303,699.98886,700.01114
GOOG,01.01.2014 00:41:25.772,699.98883,700.01117
GOOG,01.01.2014 00:41:27.061,699.98883,700.01117
GOOG,01.01.2014 00:41:28.407,699.98886,700.01114
GOOG,01.01.2014 00:41:29.842,699.98881,700.01119
GOOG,01.01.2014 00:41:31.058,699.98882,700.01118
GOOG,01.01.2014 00:41:32.522,699.98881,700.01119
GOOG,01.01.2014 00:41:33.911,699.98883,700.01117
GOOG,01.01.2014 00:41:35.334,699.98885,700.01115
GOOG,01.01.2014 00:41:36.515,699.98883,700.01117
GOOG,01.01.2014 00:41:38.011,699.98883,700.01117
GOOG,01.01.2014 00:41:39.434,699.98881,700.01119
GOOG,01.01.2014 00:41:40.856,699.98880,700.01120
GOOG,01.01.2014 00:41:42.227,699.98878,700.01122
GOOG,01.01.2014 00:41:43.659,699.98877,700.01123
GOOG,01.01.2014 00:41:44.932,699.98877,700.01123
GOOG,01.01.2014 00:41:46.248,699.98878,700.01122
GOOG,01.01.2014 00:41:47.567,699.98879,700.01121
GOOG,01.01.2014 00:41:49.179,699.98877,700.01123
GOOG,01.01.2014 00:41:50.771,699.98879,700.01121
GOOG,01.01.2014 00:41:52.178,699.98881,700.01119
GOOG,01.01.2014 00:41:53.509,699.98883,700.01117
GOOG,01.01.2014 00:41:55.033,699.98883,700.01117
GOOG,01.01.2014 00:41:56.540,699.98882,700.01118
GOOG,01.01.2014 00:41:58.170,699.98885,700.01115
GOOG,01.01.2014 00:41:59.696,699.98883,700.01117
GOOG,01.01.2014 00:42:00.999,699.98882,700.01118
GOOG,01.01.2014 00:42:02.432,699.98882,700.01118
GOOG,01.01.2014 00:42:03.750,699.98883,700.01117
GOOG,01.01.2014 00:42:05.355,699.98883,700.01117
GOOG,01.01.2014 00:42:06.833,699.98884,700.01116
GOOG,01.01.2014 00:42:08.155,699.98883,700.01117
GOOG,01.01.2014 00:42:09.420,699.98883,700.01117
GOOG,01.01.2014 00:42:10.824,699.98883,700.01117
GOOG,01.01.2014 00:42:12.206,699.98883,700.01117
GOOG,01.01.2014 00:42:13.675,699.98881,700.01119
GOOG,01.01.2014 00:42:14.976,699.98882,700.01118
GOOG,01.01.2014 00:42:16.496,699.98880,700.01120
GOOG,01.01.2014 00:42:17.759,699.98880,700.01120
GOOG,01.01.2014 00:42:18.961,699.98880,700.01120
GOOG,01.01.2014 00:42:20.550,699.98881,700.01119
GOOG,01.01.2014 00:42:21.867,699.98880,700.01120
GOOG,01.01.2014 00:42:23.113,699.98881,700.01119
GOOG,01.01.2014 00:42:24.572,699.98882,700.01118
GOOG,01.01.2014 00:42:25.949,699.98881,700.01119
GOOG,01.01.2014 00:42:27.391,699.98881,700.01119
GOOG,01.01.2014 00:42:28.757,699.98880,700.01120
GOOG,01.01.2014 00:42:30.145,699.98879,700.01121
GOOG,01.01.2014 00:42:31.495,699.98879,700.01121
GOOG,01.01.2014 00:42:32.796,699.98880,700.01120
GOOG,01.01.2014 00:42:34.115,699.98881,700.01119
GOOG,01.01.2014 00:42:35.541,699.98881,700.01119
GOOG,01.01.2014 00:42:37.019,699.98882,700.01118
GOOG,01.01.2014 00:42:38.460,699.98881,700.01119
GOOG,01.01.2014 00:42:39.904,699.98882,700.01118
GOOG,01.01.2014 00:42:41.319,699.98882,700.01118
GOOG,01.01.2014 00:42:42.720,699.98885,700.01115
GOOG,01.01.2014 00:42:44.136,699.98881,700.01119
GOOG,01.01.2014 00:42:45.500,699.98882,700.01118
GOOG,01.01.2014 00:42:46.937,699.98882,700.01118
GOOG,01.01.2014 00:42:48.457,699.98884,700.01116
GOOG,01.01.2014 00:42:49.930,699.98883,700.01117
GOOG,01.01.2014 00:42:51.316,699.98883,700.01117
GOOG,01.01.2014 00:42:52.819,699.98881,700.01119
GOOG,01.01.2014 00:42:54.104,699.98880,700.01120
GOOG,01.01.2014 00:42:55.498,699.98880,700.01120
GOOG,01.01.2014 00:42:56.905,699.98880,700.01120
GOOG,01.01.2014 00:42:58.424,699.98880,700.01120
GOOG,01.01.2014 00:42:59.712,699.98881,700.01119
GOOG,01.01.2014 00:43:01.130,699.98879,700.01121
GOOG,01.01.2014 00:43:02.590,699.98880,700.01120
GOOG,01.01.2014 00:43:04.239,699.98880,700.01120
GOOG,01.01.2014 00:43:05.767,699.98880,700.01120
GOOG,01.01.2014 00:43:07.220,699.98878,700.01122
GOOG,01.01.2014 00:43:08.742,699.98877,700.01123
GOOG,01.01.2014 00:43:10.229,699.98877,700.01123
GOOG,01.01.2014 00:43:11.572,699.98877,700.01123
GOOG,01.01.2014 00:43:13.065,699.98877,700.01123
GOOG,01.01.2014 00:43:14.572,699.98874,700.01126
GOOG,01.01.2014 00:43:15.880,699.98876,700.01124
GOOG,01.01.2014 00:43:17.266,699.98875,700.01125
GOOG,01.01.2014 00:43:18.613,699.98873,700.01127
GOOG,01.01.2014 00:43:20.056,699.98873,700.01127
GOOG,01.01.2014 00:43:21.312,699.98875,700.01125
GOOG,01.01.2014 00:43:22.740,699.98878,700.01122
GOOG,01.01.2014 00:43:24.242,699.98879,700.01121
GOOG,01.01.2014 00:43:25.966,699.98874,700.01126
GOOG,01.01.2014 00:43:27.348,699.98874,700.01126
GOOG,01.01.2014 00:43:28.847,699.98871,700.01129
GOOG,01.01.2014 00:43:30.084,699.98874,700.01126
GOOG,01.01.2014 00:43:31.421,699.98873,700.01127
GOOG,01.01.2014 00:43:32.871,699.98871,700.01129
GOOG,01.01.2014 00:43:34.151,699.98875,700.01125
GOOG,01.01.2014 00:43:35.637,699.98876,700.01124
GOOG,01.01.2014 00:43:36.835,699.98876,700.01124
GOOG,01.01.2014 00:43:38.314,699.98876,700.01124
GOOG,01.01.2014 00:43:39.669,699.98876,700.01124
GOOG,01.01.2014 00:43:41.031,699.98878,700.01122
GOOG,01.01.2014 00:43:42.360,699.98878,700.01122
GOOG,01.01.2014 00:43:43.792,699.98877,700.01123
GOOG,01.01.2014 00:43:45.093,699.98878,700.01122
GOOG,01.01.2014 00:43:46.275,699.98877,700.01123
GOOG,01.01.2014 00:43:47.818,699.98880,700.01120
GOOG,01.01.2014 00:43:49.159,699.98880,700.01120
GOOG,01.01.2014 00:43:50.685,699.98880,700.01120
GOOG,01.01.2014 00:43:52.015,699.98883,700.01117
GOOG,01.01.2014 00:43:53.426,699.98880,700.01120
GOOG,01.01.2014 00:43:54.853,699.98880,700.01120
GOOG,01.01.2014 00:43:56.286,699.98880,700.01120
GOOG,01.01.2014 00:43:57.604,699.98879,700.01121
GOOG,01.01.2014 00:43:59.027,699.98879,700.01121
GOOG,01.01.2014 00:44:00.329,699.98877,700.01123
GOOG,01.01.2014 00:44:01.796,699.98878,700.01122
GOOG,01.01.2014 00:44:03.296,699.98879,700.01121
GOOG,01.01.2014 00:44:04.618,699.98880,700.01120
GOOG,01.01.2014 00:44:05.841,699.98879,700.01121
GOOG,01.01.2014 00:44:07.058,699.98881,700.01119
GOOG,01.01.2014 00:44:08.250,699.98881,700.01119
GOOG,01.01.2014 00:44:09.635,699.98882,700.01118
GOOG,01.01.2014 00:44:10.931,699.98883,700.01117
GOOG,01.01.2014 00:44:12.377,699.98884,700.01116
GOOG,01.01.2014 00:44:13.809,699.98886,700.01114
GOOG,01.01.2014 00:44:15.227,699.98884,700.01116
GOOG,01.01.2014 00:44:16.685,699.98884,700.01116
GOOG,01.01.2014 00:44:18.111,699.98885,700.01115
GOOG,01.01.2014 00:44:19.512,699.98885,700.01115
GOOG,01.01.2014 00:44:20.896,699.98885,700.01115
GOOG,01.01.2014 00:44:22.196,699.98886,700.01114
GOOG,01.01.2014 00:44:23.457,699.98889,700.01111
GOOG,01.01.2014 00:44:24.736,699.98888,700.01112
GOOG,01.01.2014 00:44:26.046,699.98888,700.01112
GOOG,01.01.2014 00:44:27.450,699.98891,700.01109
GOOG,01.01.2014 00:44:28.915,699.98889,700.01111
GOOG,01.01.2014 00:44:30.216,699.98889,700.01111
GOOG,01.01.2014 00:44:31.530,699.98889,700.01111
GOOG,01.01.2014 00:44:32.804,699.98891,700.01109
GOOG,01.01.2014 00:44:34.166,699.98892,700.01108
GOOG,01.01.2014 00:44:35.526,699.98893,700.01107
GOOG,01.01.2014 00:44:36.886,699.98893,700.01107
GOOG,01.01.2014 00:44:38.281,699.98893,700.01107
GOOG,01.01.2014 00:44:39.614,699.98891,700.01109
GOOG,01.01.2014 00:44:40.897,699.98890,700.01110
GOOG,01.01.2014 00:44:42.415,699.98889,700.01111
GOOG,01.01.2014 00:44:43.795,699.98890,700.01110
GOOG,01.01.2014 00:44:45.298,699.98893,700.01107
GOOG,01.01.2014 00:44:46.601,699.98893,700.01107
GOOG,01.01.2014 00:44:48.125,699.98893,700.01107
GOOG,01.01.2014 00:44:49.428,699.98893,700.01107
GOOG,01.01.2014 00:44:50.767,699.98894,700.01106
GOOG,01.01.2014 00:44:52.265,699.98896,700.01104
GOOG,01.01.2014 00:44:53.826,699.98895,700.01105
GOOG,01.01.2014 00:44:55.335,699.98896,700.01104
GOOG,01.01.2014 00:44:56.720,699.98898,700.01102
GOOG,01.01.2014 00:44:58.067,699.98897,700.01103
GOOG,01.01.2014 00:44:59.597,699.98899,700.01101
GOOG,01.01.2014 00:45:00.960,699.98900,700.01100
GOOG,01.01.2014 00:45:02.221,699.98899,700.01101
GOOG,01.01.2014 00:45:03.548,699.98899,700.01101
GOOG,01.01.2014 00:45:04.903,699.98900,700.01100
GOOG,01.01.2014 00:45:06.302,699.98901,700.01099
GOOG,01.01.2014 00:45:07.665,699.98902,700.01098
GOOG,01.01.2014 00:45:09.097,699.98899,700.01101
GOOG,01.01.2014 00:45:10.511,699.98897,700.01103
GOOG,01.01.2014 00:45:11.772,699.98897,700.01103
GOOG,01.01.2014 00:45:13.062,699.98899,700.01101
GOOG,01.01.2014 00:45:14.388,699.98897,700.01103
GOOG,01.01.2014 00:45:15.883,699.98897,700.01103
GOOG,01.01.2014 00:45:17.130,699.98897,700.01103
GOOG,01.01.2014 00:45:18.560,699.98897,700.01103
GOOG,01.01.2014 00:45:19.776,699.98898,700.01102
GOOG,01.01.2014 00:45:21.169,699.98897,700.01103
GOOG,01.01.2014 00:45:22.350,699.98898,700.01102
GOOG,01.01.2014 00:45:23.764,699.98896,700.01104
GOOG,01.01.2014 00:45:25.233,699.98895,700.01105
GOOG,01.01.2014 00:45:26.553,699.98898,700.01102
GOOG,01.01.2014 00:45:27.914,699.98897,700.01103
GOOG,01.01.2014 00:45:29.454,699.98895,700.01105
GOOG,01.01.2014 00:45:30.896,699.98895,700.01105
GOOG,01.01.2014 00:45:32.241,699.98895,700.01105
GOOG,01.01.2014 00:45:33.808,699.98897,700.01103
GOOG,01.01.2014 00:45:35.369,699.98897,700.01103
GOOG,01.01.2014 00:45:36.902,699.98900,700.01100
GOOG,01.01.2014 00:45:38.360,699.98901,700.01099
GOOG,01.01.2014 00:45:39.619,699.98901,700.01099
GOOG,01.01.2014 00:45:41.120,699.98902,700.01098
GOOG,01.01.2014 00:45:42.370,699.98902,700.01098
GOOG,01.01.2014 00:45:43.761,699.98901,700.01099
GOOG,01.01.2014 00:45:45.256,699.98901,700.01099
GOOG,01.01.2014 00:45:46.842,699.98901,700.01099
GOOG,01.01.2014 00:45:48.207,699.98904,700.01096
GOOG,01.01.2014 00:45:49.581,699.98904,700.01096
GOOG,01.01.2014 00:45:51.077,699.98903,700.01097
GOOG,01.01.2014 00:45:52.359,699.98903,700.01097
GOOG,01.01.2014 00:45:53.826,699.98900,700.01100
GOOG,01.01.2014 00:45:55.315,699.98899,700.01101
GOOG,01.01.2014 00:45:56.721,699.98899,700.01101
GOOG,01.01.2014 00:45:58.246,699.98901,700.01099
GOOG,01.01.2014 00:45:59.611,699.98902,700.01098
GOOG,01.01.2014 00:46:01.049,699.98900,700.01100
GOOG,01.01.2014 00:46:02.389,699.98904,700.01096
GOOG,01.01.2014 00:46:03.748,699.98902,700.01098
GOOG,01.01.2014 00:46:05.201,699.98902,700.01098
GOOG,01.01.2014 00:46:06.573,699.98904,700.01096
GOOG,01.01.2014 00:46:08.025,699.98905,700.01095
GOOG,01.01.2014 00:46:09.643,699.98904,700.01096
GOOG,01.01.2014 00:46:10.985,699.98905,700.01095
GOOG,01.01.2014 00:46:12.376,699.98905,700.01095
GOOG,01.01.2014 00:46:13.888,699.98905,700.01095
GOOG,01.01.2014 00:46:15.215,699.98902,700.01098
GOOG,01.01.2014 00:46:16.620,699.98901,700.01099
GOOG,01.01.2014 00:46:17.959,699.98900,700.01100
GOOG,01.01.2014 00:46:19.390,699.98903,700.01097
GOOG,01.01.2014 00:46:20.991,699.98901,700.01099
GOOG,01.01.2014 00:46:22.352,699.98903,700.01097
GOOG,01.01.2014 00:46:23.786,699.98903,700.01097
GOOG,01.01.2014 00:46:25.222,699.98902,700.01098
GOOG,01.01.2014 00:46:26.673,699.98900,700.01100
GOOG,01.01.2014 00:46:28.129,699.98902,700.01098
GOOG,01.01.2014 00:46:29.666,699.98899,700.01101
GOOG,01.01.2014 00:46:31.381,699.98901,700.01099
GOOG,01.01.2014 00:46:32.805,699.98904,700.01096
GOOG,01.01.2014 00:46:34.260,699.98905,700.01095
GOOG,01.01.2014 00:46:35.853,699.98907,700.01093
GOOG,01.01.2014 00:46:37.084,699.98907,700.01093
GOOG,01.01.2014 00:46:38.286,699.98906,700.01094
GOOG,01.01.2014 00:46:39.480,699.98906,700.01094
GOOG,01.01.2014 00:46:40.672,699.98907,700.01093
GOOG,01.01.2014 00:46:42.236,699.98906,700.01094
GOOG,01.01.2014 00:46:43.550,699.98906,700.01094
GOOG,01.01.2014 00:46:44.952,699.98905,700.01095
GOOG,01.01.2014 00:46:46.215,699.98905,700.01095
GOOG,01.01.2014 00:46:47.345,699.98905,700.01095
GOOG,01.01.2014 00:46:48.696,699.98904,700.01096
GOOG,01.01.2014 00:46:50.098,699.98907,700.01093
GOOG,01.01.2014 00:46:51.400,699.98906,700.01094
GOOG,01.01.2014 00:46:52.792,699.98907,700.01093
GOOG,01.01.2014 00:46:54.144,699.98906,700.01094
GOOG,01.01.2014 00:46:55.492,699.98906,700.01094
GOOG,01.01.2014 00:46:57.109,699.98909,700.01091
GOOG,01.01.2014 00:46:58.324,699.98908,700.01092
GOOG,01.01.2014 00:46:59.656,699.98908,700.01092
GOOG,01.01.2014 00:47:00.978,699.98909,700.01091
GOOG,01.01.2014 00:47:02.538,699.98907,700.01093
GOOG,01.01.2014 00:47:04.024,699.98910,700.01090
GOOG,01.01.2014 00:47:05.309,699.98914,700.01086
GOOG,01.01.2014 00:47:06.628,699.98912,700.01088
GOOG,01.01.2014 00:47:08.079,699.98913,700.01087
GOOG,01.01.2014 00:47:09.477,699.98914,700.01086
GOOG,01.01.2014 00:47:10.898,699.98913,700.01087
GOOG,01.01.2014 00:47:12.136,699.98912,700.01088
GOOG,01.01.2014 00:47:13.629,699.98913,700.01087
GOOG,01.01.2014 00:47:15.099,699.98908,700.01092
GOOG,01.01.2014 00:47:16.489,699.98908,700.01092
GOOG,01.01.2014 00:47:17.815,699.98907,700.01093
GOOG,01.01.2014 00:47:19.261,699.98907,700.01093
GOOG,01.01.2014 00:47:20.559,699.98907,700.01093
GOOG,01.01.2014 00:47:22.105,699.98906,700.01094
GOOG,01.01.2014 00:47:23.602,699.98906,700.01094
GOOG,01.01.2014 00:47:25.077,699.98906,700.01094
GOOG,01.01.2014 00:47:26.382,699.98905,700.01095
GOOG,01.01.2014 00:47:27.682,699.98906,700.01094
GOOG,01.01.2014 00:47:29.101,699.98906,700.01094
GOOG,01.01.2014 00:47:30.382,699.98904,700.01096
GOOG,01.01.2014 00:47:31.840,699.98905,700.01095
GOOG,01.01.2014 00:47:33.086,699.98906,700.01094
GOOG,01.01.2014 00:47:34.441,699.98905,700.01095
GOOG,01.01.2014 00:47:35.805,699.98909,700.01091
GOOG,01.01.2014 00:47:37.166,699.98909,700.01091
