Ticker,Time,Bid,Ask
GOOG,02.01.2014 00:00:02.120,699.99312,700.00688
GOOG,02.01.2014 00:00:03.592,699.99312,700.00688
GOOG,02.01.2014 00:00:04.982,699.99309,700.00691
GOOG,02.01.2014 00:00:06.389,699.99309,700.00691
GOOG,02.01.2014 00:00:07.739,699.99310,700.00690
GOOG,02.01.2014 00:00:09.294,699.99307,700.00693
GOOG,02.01.2014 00:00:10.676,699.99304,700.00696
GOOG,02.01.2014 00:00:12.023,699.99303,700.00697
GOOG,02.01.2014 00:00:13.461,699.99304,700.00696
GOOG,02.01.2014 00:00:14.901,699.99305,700.00695
GOOG,02.01.2014 00:00:16.428,699.99305,700.00695
GOOG,02.01.2014 00:00:17.813,699.99305,700.00695
GOOG,02.01.2014 00:00:19.253,699.99309,700.00691
GOOG,02.01.2014 00:00:20.727,699.99309,700.00691
GOOG,02.01.2014 00:00:22.030,699.99310,700.00690
GOOG,02.01.2014 00:00:23.463,699.99311,700.00689
GOOG,02.01.2014 00:00:24.825,699.99309,700.00691
GOOG,02.01.2014 00:00:26.139,699.99311,700.00689
GOOG,02.01.2014 00:00:27.498,699.99312,700.00688
GOOG,02.01.2014 00:00:29.014,699.99314,700.00686
GOOG,02.01.2014 00:00:30.292,699.99312,700.00688
GOOG,02.01.2014 00:00:31.643,699.99310,700.00690
GOOG,02.01.2014 00:00:32.989,699.99313,700.00687
GOOG,02.01.2014 00:00:34.269,699.99317,700.00683
GOOG,02.01.2014 00:00:35.397,699.99317,700.00683
GOOG,02.01.2014 00:00:36.864,699.99315,700.00685
GOOG,02.01.2014 00:00:38.282,699.99313,700.00687
GOOG,02.01.2014 00:00:39.629,699.99313,700.00687
GOOG,02.01.2014 00:00:40.837,699.99313,700.00687
GOOG,02.01.2014 00:00:42.355,699.99314,700.00686
GOOG,02.01.2014 00:00:43.733,699.99312,700.00688
GOOG,02.01.2014 00:00:45.168,699.99315,700.00685
GOOG,02.01.2014 00:00:46.672,699.99313,700.00687
GOOG,02.01.2014 00:00:47.973,699.99311,700.00689
GOOG,02.01.2014 00:00:49.395,699.99311,700.00689
GOOG,02.01.2014 00:00:50.640,699.99309,700.00691
GOOG,02.01.2014 00:00:52.102,699.99308,700.00692
GOOG,02.01.2014 00:00:53.563,699.99308,700.00692
GOOG,02.01.2014 00:00:54.906,699.99306,700.00694
GOOG,02.01.2014 00:00:56.109,699.99304,700.00696
GOOG,02.01.2014 00:00:57.528,699.99306,700.00694
GOOG,02.01.2014 00:00:58.852,699.99307,700.00693
GOOG,02.01.2014 00:01:00.400,699.99307,700.00693
GOOG,02.01.2014 00:01:01.864,699.99304,700.00696
GOOG,02.01.2014 00:01:03.313,699.99305,700.00695
GOOG,02.01.2014 00:01:04.695,699.99307,700.00693
GOOG,02.01.2014 00:01:06.063,699.99309,700.00691
GOOG,02.01.2014 00:01:07.359,699.99308,700.00692
GOOG,02.01.2014 00:01:08.678,699.99308,700.00692
GOOG,02.01.2014 00:01:09.956,699.99306,700.00694
GOOG,02.01.2014 00:01:11.367,699.99304,700.00696
GOOG,02.01.2014 00:01:12.751,699.99306,700.00694
GOOG,02.01.2014 00:01:14.088,699.99306,700.00694
GOOG,02.01.2014 00:01:15.519,699.99307,700.00693
GOOG,02.01.2014 00:01:16.942,699.99308,700.00692
GOOG,02.01.2014 00:01:18.304,699.99306,700.00694
GOOG,02.01.2014 00:01:19.652,699.99307,700.00693
GOOG,02.01.2014 00:01:21.128,699.99312,700.00688
GOOG,02.01.2014 00:01:22.690,699.99312,700.00688
GOOG,02.01.2014 00:01:24.099,699.99313,700.00687
GOOG,02.01.2014 00:01:25.564,699.99315,700.00685
GOOG,02.01.2014 00:01:26.992,699.99313,700.00687
GOOG,02.01.2014 00:01:28.496,699.99312,700.00688
GOOG,02.01.2014 00:01:29.867,699.99309,700.00691
GOOG,02.01.2014 00:01:31.204,699.99308,700.00692
GOOG,02.01.2014 00:01:32.430,699.99309,700.00691
GOOG,02.01.2014 00:01:33.791,699.99309,700.00691
GOOG,02.01.2014 00:01:35.136,699.99309,700.00691
GOOG,02.01.2014 00:01:36.664,699.99312,700.00688
GOOG,02.01.2014 00:01:38.256,699.99311,700.00689
GOOG,02.01.2014 00:01:39.681,699.99313,700.00687
GOOG,02.01.2014 00:01:41.146,699.99313,700.00687
GOOG,02.01.2014 00:01:42.646,699.99311,700.00689
GOOG,02.01.2014 00:01:44.011,699.99313,700.00687
GOOG,02.01.2014 00:01:45.329,699.99313,700.00687
GOOG,02.01.2014 00:01:46.813,699.99313,700.00687
GOOG,02.01.2014 00:01:48.045,699.99315,700.00685
GOOG,02.01.2014 00:01:49.442,699.99314,700.00686
GOOG,02.01.2014 00:01:50.777,699.99317,700.00683
GOOG,02.01.2014 00:01:52.270,699.99320,700.00680
GOOG,02.01.2014 00:01:53.781,699.99318,700.00682
GOOG,02.01.2014 00:01:55.299,699.99317,700.00683
GOOG,02.01.2014 00:01:56.761,699.99316,700.00684
GOOG,02.01.2014 00:01:58.219,699.99318,700.00682
GOOG,02.01.2014 00:01:59.623,699.99319,700.00681
GOOG,02.01.2014 00:02:01.096,699.99319,700.00681
GOOG,02.01.2014 00:02:02.381,699.99317,700.00683
GOOG,02.01.2014 00:02:03.999,699.99319,700.00681
GOOG,02.01.2014 00:02:05.304,699.99321,700.00679
GOOG,02.01.2014 00:02:06.528,699.99320,700.00680
GOOG,02.01.2014 00:02:07.958,699.99322,700.00678
GOOG,02.01.2014 00:02:09.393,699.99323,700.00677
GOOG,02.01.2014 00:02:10.865,699.99321,700.00679
GOOG,02.01.2014 00:02:12.316,699.99321,700.00679
GOOG,02.01.2014 00:02:13.692,699.99320,700.00680
GOOG,02.01.2014 00:02:15.294,699.99319,700.00681
GOOG,02.01.2014 00:02:16.631,699.99320,700.00680
GOOG,02.01.2014 00:02:18.025,699.99319,700.00681
GOOG,02.01.2014 00:02:19.553,699.99319,700.00681
GOOG,02.01.2014 00:02:20.986,699.99319,700.00681
GOOG,02.01.2014 00:02:22.413,699.99319,700.00681
GOOG,02.01.2014 00:02:23.825,699.99320,700.00680
GOOG,02.01.2014 00:02:25.173,699.99319,700.00681
GOOG,02.01.2014 00:02:26.435,699.99319,700.00681
GOOG,02.01.2014 00:02:27.900,699.99320,700.00680
GOOG,02.01.2014 00:02:29.190,699.99322,700.00678
GOOG,02.01.2014 00:02:30.591,699.99320,700.00680
GOOG,02.01.2014 00:02:32.077,699.99316,700.00684
GOOG,02.01.2014 00:02:33.551,699.99317,700.00683
GOOG,02.01.2014 00:02:34.851,699.99317,700.00683
GOOG,02.01.2014 00:02:36.122,699.99319,700.00681
GOOG,02.01.2014 00:02:37.451,699.99319,700.00681
GOOG,02.01.2014 00:02:38.787,699.99319,700.00681
GOOG,02.01.2014 00:02:40.151,699.99321,700.00679
GOOG,02.01.2014 00:02:41.673,699.99320,700.00680
GOOG,02.01.2014 00:02:43.242,699.99318,700.00682
GOOG,02.01.2014 00:02:44.644,699.99319,700.00681
GOOG,02.01.2014 00:02:46.150,699.99319,700.00681
GOOG,02.01.2014 00:02:47.603,699.99320,700.00680
GOOG,02.01.2014 00:02:49.044,699.99319,700.00681
GOOG,02.01.2014 00:02:50.490,699.99319,700.00681
GOOG,02.01.2014 00:02:51.860,699.99317,700.00683
GOOG,02.01.2014 00:02:53.299,699.99318,700.00682
GOOG,02.01.2014 00:02:54.793,699.99319,700.00681
GOOG,02.01.2014 00:02:56.050,699.99317,700.00683
GOOG,02.01.2014 00:02:57.282,699.99315,700.00685
GOOG,02.01.2014 00:02:58.778,699.99314,700.00686
GOOG,02.01.2014 00:03:00.229,699.99313,700.00687
GOOG,02.01.2014 00:03:01.600,699.99311,700.00689
GOOG,02.01.2014 00:03:02.963,699.99314,700.00686
GOOG,02.01.2014 00:03:04.312,699.99315,700.00685
GOOG,02.01.2014 00:03:05.777,699.99314,700.00686
GOOG,02.01.2014 00:03:06.999,699.99317,700.00683
GOOG,02.01.2014 00:03:08.437,699.99319,700.00681
GOOG,02.01.2014 00:03:09.883,699.99321,700.00679
GOOG,02.01.2014 00:03:11.156,699.99318,700.00682
GOOG,02.01.2014 00:03:12.526,699.99316,700.00684
GOOG,02.01.2014 00:03:13.700,699.99316,700.00684
GOOG,02.01.2014 00:03:14.983,699.99315,700.00685
GOOG,02.01.2014 00:03:16.314,699.99316,700.00684
GOOG,02.01.2014 00:03:17.593,699.99315,700.00685
GOOG,02.01.2014 00:03:18.835,699.99317,700.00683
GOOG,02.01.2014 00:03:20.336,699.99316,700.00684
GOOG,02.01.2014 00:03:21.858,699.99316,700.00684
GOOG,02.01.2014 00:03:23.411,699.99317,700.00683
GOOG,02.01.2014 00:03:24.892,699.99318,700.00682
GOOG,02.01.2014 00:03:26.184,699.99318,700.00682
GOOG,02.01.2014 00:03:27.605,699.99321,700.00679
GOOG,02.01.2014 00:03:29.032,699.99322,700.00678
GOOG,02.01.2014 00:03:30.493,699.99323,700.00677
GOOG,02.01.2014 00:03:31.951,699.99322,700.00678
GOOG,02.01.2014 00:03:33.368,699.99322,700.00678
GOOG,02.01.2014 00:03:34.882,699.99322,700.00678
GOOG,02.01.2014 00:03:36.179,699.99324,700.00676
GOOG,02.01.2014 00:03:37.640,699.99324,700.00676
GOOG,02.01.2014 00:03:39.169,699.99321,700.00679
GOOG,02.01.2014 00:03:40.614,699.99322,700.00678
GOOG,02.01.2014 00:03:42.069,699.99320,700.00680
GOOG,02.01.2014 00:03:43.333,699.99321,700.00679
GOOG,02.01.2014 00:03:44.451,699.99320,700.00680
GOOG,02.01.2014 00:03:46.006,699.99319,700.00681
GOOG,02.01.2014 00:03:47.240,699.99320,700.00680
GOOG,02.01.2014 00:03:48.652,699.99319,700.00681
GOOG,02.01.2014 00:03:50.197,699.99319,700.00681
GOOG,02.01.2014 00:03:51.459,699.99319,700.00681
GOOG,02.01.2014 00:03:52.819,699.99319,700.00681
GOOG,02.01.2014 00:03:54.288,699.99321,700.00679
GOOG,02.01.2014 00:03:55.728,699.99324,700.00676
GOOG,02.01.2014 00:03:57.138,699.99321,700.00679
GOOG,02.01.2014 00:03:58.553,699.99324,700.00676
GOOG,02.01.2014 00:04:00.040,699.99325,700.00675
GOOG,02.01.2014 00:04:01.574,699.99327,700.00673
GOOG,02.01.2014 00:04:02.850,699.99324,700.00676
GOOG,02.01.2014 00:04:04.248,699.99325,700.00675
GOOG,02.01.2014 00:04:05.665,699.99327,700.00673
GOOG,02.01.2014 00:04:07.087,699.99326,700.00674
GOOG,02.01.2014 00:04:08.283,699.99324,700.00676
GOOG,02.01.2014 00:04:09.617,699.99325,700.00675
GOOG,02.01.2014 00:04:10.972,699.99323,700.00677
GOOG,02.01.2014 00:04:12.390,699.99323,700.00677
GOOG,02.01.2014 00:04:13.790,699.99322,700.00678
GOOG,02.01.2014 00:04:15.272,699.99321,700.00679
GOOG,02.01.2014 00:04:16.679,699.99320,700.00680
GOOG,02.01.2014 00:04:18.110,699.99323,700.00677
GOOG,02.01.2014 00:04:19.336,699.99322,700.00678
GOOG,02.01.2014 00:04:20.746,699.99322,700.00678
GOOG,02.01.2014 00:04:22.070,699.99321,700.00679
GOOG,02.01.2014 00:04:23.436,699.99325,700.00675
GOOG,02.01.2014 00:04:24.623,699.99324,700.00676
GOOG,02.01.2014 00:04:25.934,699.99326,700.00674
GOOG,02.01.2014 00:04:27.323,699.99326,700.00674
GOOG,02.01.2014 00:04:28.845,699.99326,700.00674
GOOG,02.01.2014 00:04:30.316,699.99328,700.00672
GOOG,02.01.2014 00:04:31.842,699.99332,700.00668
GOOG,02.01.2014 00:04:33.281,699.99333,700.00667
GOOG,02.01.2014 00:04:34.655,699.99334,700.00666
GOOG,02.01.2014 00:04:36.012,699.99334,700.00666
GOOG,02.01.2014 00:04:37.578,699.99332,700.00668
GOOG,02.01.2014 00:04:39.039,699.99333,700.00667
GOOG,02.01.2014 00:04:40.470,699.99334,700.00666
GOOG,02.01.2014 00:04:41.904,699.99334,700.00666
GOOG,02.01.2014 00:04:43.354,699.99335,700.00665
GOOG,02.01.2014 00:04:44.852,699.99335,700.00665
GOOG,02.01.2014 00:04:46.233,699.99333,700.00667
GOOG,02.01.2014 00:04:47.794,699.99333,700.00667
GOOG,02.01.2014 00:04:49.175,699.99333,700.00667
GOOG,02.01.2014 00:04:50.529,699.99334,700.00666
GOOG,02.01.2014 00:04:51.862,699.99332,700.00668
GOOG,02.01.2014 00:04:53.212,699.99332,700.00668
GOOG,02.01.2014 00:04:54.446,699.99334,700.00666
GOOG,02.01.2014 00:04:55.952,699.99333,700.00667
GOOG,02.01.2014 00:04:57.366,699.99335,700.00665
GOOG,02.01.2014 00:04:58.783,699.99335,700.00665
GOOG,02.01.2014 00:05:00.186,699.99336,700.00664
GOOG,02.01.2014 00:05:01.659,699.99337,700.00663
GOOG,02.01.2014 00:05:03.034,699.99341,700.00659
GOOG,02.01.2014 00:05:04.428,699.99343,700.00657
GOOG,02.01.2014 00:05:05.846,699.99343,700.00657
GOOG,02.01.2014 00:05:07.246,699.99344,700.00656
GOOG,02.01.2014 00:05:08.499,699.99345,700.00655
GOOG,02.01.2014 00:05:09.727,699.99343,700.00657
GOOG,02.01.2014 00:05:11.155,699.99341,700.00659
GOOG,02.01.2014 00:05:12.651,699.99341,700.00659
GOOG,02.01.2014 00:05:14.043,699.99341,700.00659
GOOG,02.01.2014 00:05:15.570,699.99342,700.00658
GOOG,02.01.2014 00:05:16.956,699.99344,700.00656
GOOG,02.01.2014 00:05:18.294,699.99344,700.00656
GOOG,02.01.2014 00:05:19.677,699.99344,700.00656
GOOG,02.01.2014 00:05:21.087,699.99344,700.00656
GOOG,02.01.2014 00:05:22.501,699.99342,700.00658
GOOG,02.01.2014 00:05:23.896,699.99341,700.00659
GOOG,02.01.2014 00:05:25.364,699.99343,700.00657
GOOG,02.01.2014 00:05:26.742,699.99343,700.00657
GOOG,02.01.2014 00:05:28.187,699.99344,700.00656
GOOG,02.01.2014 00:05:29.612,699.99346,700.00654
GOOG,02.01.2014 00:05:31.118,699.99345,700.00655
GOOG,02.01.2014 00:05:32.517,699.99344,700.00656
GOOG,02.01.2014 00:05:33.847,699.99342,700.00658
GOOG,02.01.2014 00:05:35.422,699.99345,700.00655
GOOG,02.01.2014 00:05:36.887,699.99344,700.00656
GOOG,02.01.2014 00:05:38.334,699.99346,700.00654
GOOG,02.01.2014 00:05:39.678,699.99349,700.00651
GOOG,02.01.2014 00:05:40.967,699.99346,700.00654
GOOG,02.01.2014 00:05:42.224,699.99344,700.00656
GOOG,02.01.2014 00:05:43.668,699.99345,700.00655
GOOG,02.01.2014 00:05:45.058,699.99343,700.00657
GOOG,02.01.2014 00:05:46.339,699.99344,700.00656
GOOG,02.01.2014 00:05:47.808,699.99345,700.00655
GOOG,02.01.2014 00:05:49.377,699.99344,700.00656
GOOG,02.01.2014 00:05:50.692,699.99343,700.00657
GOOG,02.01.2014 00:05:52.061,699.99345,700.00655
GOOG,02.01.2014 00:05:53.586,699.99348,700.00652
GOOG,02.01.2014 00:05:55.091,699.99348,700.00652
GOOG,02.01.2014 00:05:56.654,699.99348,700.00652
GOOG,02.01.2014 00:05:58.097,699.99348,700.00652
GOOG,02.01.2014 00:05:59.443,699.99347,700.00653
GOOG,02.01.2014 00:06:00.817,699.99347,700.00653
GOOG,02.01.2014 00:06:02.179,699.99347,700.00653
GOOG,02.01.2014 00:06:03.670,699.99349,700.00651
GOOG,02.01.2014 00:06:04.967,699.99348,700.00652
GOOG,02.01.2014 00:06:06.362,699.99348,700.00652
GOOG,02.01.2014 00:06:07.859,699.99349,700.00651
GOOG,02.01.2014 00:06:09.312,699.99346,700.00654
GOOG,02.01.2014 00:06:10.727,699.99346,700.00654
GOOG,02.01.2014 00:06:11.999,699.99345,700.00655
GOOG,02.01.2014 00:06:13.334,699.99344,700.00656
GOOG,02.01.2014 00:06:14.848,699.99341,700.00659
GOOG,02.01.2014 00:06:16.022,699.99341,700.00659
GOOG,02.01.2014 00:06:17.566,699.99340,700.00660
GOOG,02.01.2014 00:06:18.924,699.99341,700.00659
GOOG,02.01.2014 00:06:20.289,699.99339,700.00661
GOOG,02.01.2014 00:06:21.502,699.99339,700.00661
GOOG,02.01.2014 00:06:22.937,699.99340,700.00660
GOOG,02.01.2014 00:06:24.479,699.99341,700.00659
GOOG,02.01.2014 00:06:25.928,699.99341,700.00659
GOOG,02.01.2014 00:06:27.253,699.99342,700.00658
GOOG,02.01.2014 00:06:28.716,699.99342,700.00658
GOOG,02.01.2014 00:06:30.018,699.99339,700.00661
GOOG,02.01.2014 00:06:31.447,699.99342,700.00658
GOOG,02.01.2014 00:06:32.726,699.99343,700.00657
GOOG,02.01.2014 00:06:34.323,699.99343,700.00657
GOOG,02.01.2014 00:06:35.715,699.99344,700.00656
GOOG,02.01.2014 00:06:36.983,699.99346,700.00654
GOOG,02.01.2014 00:06:38.272,699.99346,700.00654
GOOG,02.01.2014 00:06:39.627,699.99346,700.00654
GOOG,02.01.2014 00:06:41.087,699.99344,700.00656
GOOG,02.01.2014 00:06:42.367,699.99346,700.00654
GOOG,02.01.2014 00:06:43.646,699.99348,700.00652
GOOG,02.01.2014 00:06:45.098,699.99349,700.00651
GOOG,02.01.2014 00:06:46.380,699.99350,700.00650
GOOG,02.01.2014 00:06:47.741,699.99349,700.00651
GOOG,02.01.2014 00:06:49.195,699.99351,700.00649
GOOG,02.01.2014 00:06:50.595,699.99352,700.00648
GOOG,02.01.2014 00:06:51.939,699.99355,700.00645
GOOG,02.01.2014 00:06:53.193,699.99357,700.00643
GOOG,02.01.2014 00:06:54.555,699.99358,700.00642
GOOG,02.01.2014 00:06:55.990,699.99357,700.00643
GOOG,02.01.2014 00:06:57.411,699.99355,700.00645
GOOG,02.01.2014 00:06:58.701,699.99356,700.00644
GOOG,02.01.2014 00:07:00.228,699.99357,700.00643
GOOG,02.01.2014 00:07:01.625,699.99357,700.00643
GOOG,02.01.2014 00:07:02.878,699.99358,700.00642
GOOG,02.01.2014 00:07:04.193,699.99356,700.00644
GOOG,02.01.2014 00:07:05.462,699.99357,700.00643
GOOG,02.01.2014 00:07:06.871,699.99359,700.00641
GOOG,02.01.2014 00:07:08.262,699.99358,700.00642
GOOG,02.01.2014 00:07:09.646,699.99358,700.00642
GOOG,02.01.2014 00:07:11.046,699.99360,700.00640
GOOG,02.01.2014 00:07:12.406,699.99360,700.00640
GOOG,02.01.2014 00:07:13.836,699.99363,700.00637
GOOG,02.01.2014 00:07:15.384,699.99362,700.00638
GOOG,02.01.2014 00:07:16.821,699.99362,700.00638
GOOG,02.01.2014 00:07:18.068,699.99362,700.00638
GOOG,02.01.2014 00:07:19.507,699.99364,700.00636
GOOG,02.01.2014 00:07:20.985,699.99367,700.00633
GOOG,02.01.2014 00:07:22.565,699.99367,700.00633
GOOG,02.01.2014 00:07:23.953,699.99367,700.00633
GOOG,02.01.2014 00:07:25.227,699.99365,700.00635
GOOG,02.01.2014 00:07:26.702,699.99362,700.00638
GOOG,02.01.2014 00:07:28.095,699.99365,700.00635
GOOG,02.01.2014 00:07:29.357,699.99363,700.00637
GOOG,02.01.2014 00:07:30.741,699.99362,700.00638
GOOG,02.01.2014 00:07:32.283,699.99360,700.00640
GOOG,02.01.2014 00:07:33.762,699.99361,700.00639
GOOG,02.01.2014 00:07:35.382,699.99363,700.00637
GOOG,02.01.2014 00:07:36.863,699.99362,700.00638
GOOG,02.01.2014 00:07:38.319,699.99365,700.00635
GOOG,02.01.2014 00:07:39.908,699.99369,700.00631
GOOG,02.01.2014 00:07:41.058,699.99371,700.00629
GOOG,02.01.2014 00:07:42.562,699.99375,700.00625
GOOG,02.01.2014 00:07:43.873,699.99375,700.00625
GOOG,02.01.2014 00:07:45.320,699.99375,700.00625
GOOG,02.01.2014 00:07:46.877,699.99376,700.00624
GOOG,02.01.2014 00:07:48.365,699.99373,700.00627
GOOG,02.01.2014 00:07:49.745,699.99375,700.00625
GOOG,02.01.2014 00:07:51.019,699.99374,700.00626
GOOG,02.01.2014 00:07:52.519,699.99374,700.00626
GOOG,02.01.2014 00:07:53.901,699.99378,700.00622
GOOG,02.01.2014 00:07:55.316,699.99378,700.00622
GOOG,02.01.2014 00:07:56.708,699.99379,700.00621
GOOG,02.01.2014 00:07:58.250,699.99379,700.00621
GOOG,02.01.2014 00:07:59.660,699.99377,700.00623
GOOG,02.01.2014 00:08:01.085,699.99375,700.00625
GOOG,02.01.2014 00:08:02.566,699.99374,700.00626
GOOG,02.01.2014 00:08:03.937,699.99374,700.00626
GOOG,02.01.2014 00:08:05.368,699.99370,700.00630
GOOG,02.01.2014 00:08:06.759,699.99370,700.00630
GOOG,02.01.2014 00:08:08.123,699.99370,700.00630
GOOG,02.01.2014 00:08:09.488,699.99372,700.00628
GOOG,02.01.2014 00:08:10.927,699.99373,700.00627
GOOG,02.01.2014 00:08:12.422,699.99371,700.00629
GOOG,02.01.2014 00:08:13.807,699.99370,700.00630
GOOG,02.01.2014 00:08:14.966,699.99370,700.00630
GOOG,02.01.2014 00:08:16.335,699.99368,700.00632
GOOG,02.01.2014 00:08:17.690,699.99367,700.00633
GOOG,02.01.2014 00:08:19.173,699.99370,700.00630
GOOG,02.01.2014 00:08:20.605,699.99368,700.00632
GOOG,02.01.2014 00:08:22.074,699.99368,700.00632
GOOG,02.01.2014 00:08:23.360,699.99369,700.00631
GOOG,02.01.2014 00:08:24.849,699.99374,700.00626
GOOG,02.01.2014 00:08:26.301,699.99373,700.00627
GOOG,02.01.2014 00:08:27.683,699.99373,700.00627
GOOG,02.01.2014 00:08:28.994,699.99372,700.00628
GOOG,02.01.2014 00:08:30.389,699.99371,700.00629
GOOG,02.01.2014 00:08:31.671,699.99372,700.00628
GOOG,02.01.2014 00:08:33.100,699.99369,700.00631
GOOG,02.01.2014 00:08:34.554,699.99366,700.00634
GOOG,02.01.2014 00:08:36.170,699.99366,700.00634
GOOG,02.01.2014 00:08:37.698,699.99366,700.00634
GOOG,02.01.2014 00:08:39.027,699.99364,700.00636
GOOG,02.01.2014 00:08:40.426,699.99365,700.00635
GOOG,02.01.2014 00:08:41.935,699.99366,700.00634
GOOG,02.01.2014 00:08:43.287,699.99364,700.00636
GOOG,02.01.2014 00:08:44.753,699.99364,700.00636
GOOG,02.01.2014 00:08:46.219,699.99361,700.00639
GOOG,02.01.2014 00:08:47.551,699.99360,700.00640
GOOG,02.01.2014 00:08:49.029,699.99355,700.00645
GOOG,02.01.2014 00:08:50.569,699.99355,700.00645
GOOG,02.01.2014 00:08:52.014,699.99355,700.00645
GOOG,02.01.2014 00:08:53.652,699.99353,700.00647
GOOG,02.01.2014 00:08:55.032,699.99353,700.00647
GOOG,02.01.2014 00:08:56.389,699.99354,700.00646
GOOG,02.01.2014 00:08:57.960,699.99354,700.00646
GOOG,02.01.2014 00:08:59.508,699.99353,700.00647
GOOG,02.01.2014 00:09:00.809,699.99355,700.00645
GOOG,02.01.2014 00:09:02.163,699.99353,700.00647
GOOG,02.01.2014 00:09:03.598,699.99356,700.00644
GOOG,02.01.2014 00:09:04.940,699.99356,700.00644
GOOG,02.01.2014 00:09:06.359,699.99358,700.00642
GOOG,02.01.2014 00:09:07.670,699.99359,700.00641
GOOG,02.01.2014 00:09:08.957,699.99360,700.00640
GOOG,02.01.2014 00:09:10.326,699.99359,700.00641
GOOG,02.01.2014 00:09:11.741,699.99360,700.00640
GOOG,02.01.2014 00:09:13.158,699.99361,700.00639
GOOG,02.01.2014 00:09:14.608,699.99362,700.00638
GOOG,02.01.2014 00:09:15.943,699.99362,700.00638
GOOG,02.01.2014 00:09:17.411,699.99361,700.00639
GOOG,02.01.2014 00:09:18.875,699.99358,700.00642
GOOG,02.01.2014 00:09:20.307,699.99357,700.00643
GOOG,02.01.2014 00:09:21.695,699.99358,700.00642
GOOG,02.01.2014 00:09:23.091,699.99358,700.00642
GOOG,02.01.2014 00:09:24.472,699.99359,700.00641
GOOG,02.01.2014 00:09:26.014,699.99361,700.00639
GOOG,02.01.2014 00:09:27.354,699.99362,700.00638
GOOG,02.01.2014 00:09:28.859,699.99360,700.00640
GOOG,02.01.2014 00:09:30.244,699.99361,700.00639
GOOG,02.01.2014 00:09:31.627,699.99358,700.00642
GOOG,02.01.2014 00:09:32.841,699.99358,700.00642
GOOG,02.01.2014 00:09:34.216,699.99359,700.00641
GOOG,02.01.2014 00:09:35.662,699.99359,700.00641
GOOG,02.01.2014 00:09:36.969,699.99357,700.00643
GOOG,02.01.2014 00:09:38.266,699.99357,700.00643
GOOG,02.01.2014 00:09:39.674,699.99356,700.00644
GOOG,02.01.2014 00:09:41.043,699.99357,700.00643
GOOG,02.01.2014 00:09:42.554,699.99358,700.00642
GOOG,02.01.2014 00:09:43.756,699.99359,700.00641
GOOG,02.01.2014 00:09:45.276,699.99358,700.00642
GOOG,02.01.2014 00:09:46.592,699.99357,700.00643
GOOG,02.01.2014 00:09:47.975,699.99357,700.00643
GOOG,02.01.2014 00:09:49.277,699.99356,700.00644
GOOG,02.01.2014 00:09:50.706,699.99358,700.00642
GOOG,02.01.2014 00:09:52.211,699.99358,700.00642
GOOG,02.01.2014 00:09:53.734,699.99359,700.00641
GOOG,02.01.2014 00:09:55.238,699.99359,700.00641
GOOG,02.01.2014 00:09:56.658,699.99357,700.00643
GOOG,02.01.2014 00:09:58.076,699.99357,700.00643
GOOG,02.01.2014 00:09:59.496,699.99356,700.00644
GOOG,02.01.2014 00:10:00.852,699.99357,700.00643
GOOG,02.01.2014 00:10:02.178,699.99358,700.00642
GOOG,02.01.2014 00:10:03.523,699.99358,700.00642
GOOG,02.01.2014 00:10:04.982,699.99357,700.00643
GOOG,02.01.2014 00:10:06.233,699.99357,700.00643
GOOG,02.01.2014 00:10:07.776,699.99357,700.00643
GOOG,02.01.2014 00:10:09.113,699.99354,700.00646
GOOG,02.01.2014 00:10:10.536,699.99354,700.00646
GOOG,02.01.2014 00:10:12.004,699.99355,700.00645
GOOG,02.01.2014 00:10:13.360,699.99355,700.00645
GOOG,02.01.2014 00:10:14.875,699.99353,700.00647
GOOG,02.01.2014 00:10:16.252,699.99354,700.00646
GOOG,02.01.2014 00:10:17.631,699.99355,700.00645
GOOG,02.01.2014 00:10:18.960,699.99354,700.00646
GOOG,02.01.2014 00:10:20.510,699.99351,700.00649
GOOG,02.01.2014 00:10:21.902,699.99353,700.00647
GOOG,02.01.2014 00:10:23.402,699.99354,700.00646
GOOG,02.01.2014 00:10:24.644,699.99352,700.00648
GOOG,02.01.2014 00:10:25.962,699.99351,700.00649
GOOG,02.01.2014 00:10:27.322,699.99353,700.00647
GOOG,02.01.2014 00:10:28.644,699.99358,700.00642
GOOG,02.01.2014 00:10:29.918,699.99357,700.00643
GOOG,02.01.2014 00:10:31.284,699.99357,700.00643
GOOG,02.01.2014 00:10:32.762,699.99355,700.00645
GOOG,02.01.2014 00:10:34.272,699.99353,700.00647
GOOG,02.01.2014 00:10:35.553,699.99355,700.00645
GOOG,02.01.2014 00:10:36.771,699.99355,700.00645
GOOG,02.01.2014 00:10:38.274,699.99355,700.00645
GOOG,02.01.2014 00:10:39.697,699.99352,700.00648
GOOG,02.01.2014 00:10:41.143,699.99352,700.00648
GOOG,02.01.2014 00:10:42.342,699.99351,700.00649
GOOG,02.01.2014 00:10:43.722,699.99350,700.00650
GOOG,02.01.2014 00:10:44.932,699.99349,700.00651
GOOG,02.01.2014 00:10:46.322,699.99352,700.00648
GOOG,02.01.2014 00:10:47.599,699.99354,700.00646
GOOG,02.01.2014 00:10:48.920,699.99355,700.00645
GOOG,02.01.2014 00:10:50.299,699.99354,700.00646
GOOG,02.01.2014 00:10:51.750,699.99355,700.00645
GOOG,02.01.2014 00:10:53.217,699.99350,700.00650
GOOG,02.01.2014 00:10:54.633,699.99352,700.00648
GOOG,02.01.2014 00:10:56.038,699.99352,700.00648
GOOG,02.01.2014 00:10:57.284,699.99351,700.00649
GOOG,02.01.2014 00:10:58.635,699.99350,700.00650
GOOG,02.01.2014 00:11:00.029,699.99350,700.00650
GOOG,02.01.2014 00:11:01.529,699.99351,700.00649
GOOG,02.01.2014 00:11:02.806,699.99351,700.00649
GOOG,02.01.2014 00:11:04.044,699.99352,700.00648
GOOG,02.01.2014 00:11:05.554,699.99353,700.00647
GOOG,02.01.2014 00:11:06.982,699.99357,700.00643
GOOG,02.01.2014 00:11:08.452,699.99359,700.00641
GOOG,02.01.2014 00:11:09.791,699.99357,700.00643
GOOG,02.01.2014 00:11:11.210,699.99357,700.00643
GOOG,02.01.2014 00:11:12.622,699.99357,700.00643
GOOG,02.01.2014 00:11:14.010,699.99356,700.00644
GOOG,02.01.2014 00:11:15.277,699.99358,700.00642
GOOG,02.01.2014 00:11:16.597,699.99360,700.00640
GOOG,02.01.2014 00:11:18.024,699.99358,700.00642
GOOG,02.01.2014 00:11:19.454,699.99357,700.00643
GOOG,02.01.2014 00:11:20.936,699.99358,700.00642
GOOG,02.01.2014 00:11:22.294,699.99356,700.00644
GOOG,02.01.2014 00:11:23.567,699.99355,700.00645
GOOG,02.01.2014 00:11:24.989,699.99357,700.00643
GOOG,02.01.2014 00:11:26.514,699.99355,700.00645
GOOG,02.01.2014 00:11:28.003,699.99354,700.00646
GOOG,02.01.2014 00:11:29.376,699.99354,700.00646
GOOG,02.01.2014 00:11:30.946,699.99354,700.00646
GOOG,02.01.2014 00:11:32.326,699.99355,700.00645
GOOG,02.01.2014 00:11:33.676,699.99356,700.00644
GOOG,02.01.2014 00:11:35.109,699.99354,700.00646
GOOG,02.01.2014 00:11:36.582,699.99355,700.00645
GOOG,02.01.2014 00:11:37.935,699.99356,700.00644
GOOG,02.01.2014 00:11:39.427,699.99354,700.00646
GOOG,02.01.2014 00:11:40.871,699.99354,700.00646
GOOG,02.01.2014 00:11:42.167,699.99354,700.00646
GOOG,02.01.2014 00:11:43.610,699.99355,700.00645
GOOG,02.01.2014 00:11:44.963,699.99355,700.00645
GOOG,02.01.2014 00:11:46.422,699.99355,700.00645
GOOG,02.01.2014 00:11:47.656,699.99356,700.00644
GOOG,02.01.2014 00:11:49.102,699.99357,700.00643
GOOG,02.01.2014 00:11:50.406,699.99355,700.00645
GOOG,02.01.2014 00:11:52.037,699.99354,700.00646
GOOG,02.01.2014 00:11:53.409,699.99354,700.00646
GOOG,02.01.2014 00:11:54.969,699.99356,700.00644
GOOG,02.01.2014 00:11:56.448,699.99355,700.00645
GOOG,02.01.2014 00:11:57.892,699.99356,700.00644
GOOG,02.01.2014 00:11:59.334,699.99353,700.00647
GOOG,02.01.2014 00:12:00.776,699.99354,700.00646
GOOG,02.01.2014 00:12:02.342,699.99354,700.00646
GOOG,02.01.2014 00:12:03.665,699.99353,700.00647
GOOG,02.01.2014 00:12:05.017,699.99356,700.00644
GOOG,02.01.2014 00:12:06.381,699.99356,700.00644
GOOG,02.01.2014 00:12:07.915,699.99358,700.00642
GOOG,02.01.2014 00:12:09.430,699.99358,700.00642
GOOG,02.01.2014 00:12:10.681,699.99359,700.00641
GOOG,02.01.2014 00:12:12.170,699.99360,700.00640
GOOG,02.01.2014 00:12:13.511,699.99361,700.00639
GOOG,02.01.2014 00:12:15.001,699.99362,700.00638
GOOG,02.01.2014 00:12:16.401,699.99361,700.00639
GOOG,02.01.2014 00:12:17.637,699.99360,700.00640
GOOG,02.01.2014 00:12:19.004,699.99357,700.00643
GOOG,02.01.2014 00:12:20.431,699.99357,700.00643
GOOG,02.01.2014 00:12:21.838,699.99360,700.00640
GOOG,02.01.2014 00:12:23.219,699.99360,700.00640
GOOG,02.01.2014 00:12:24.561,699.99360,700.00640
GOOG,02.01.2014 00:12:25.890,699.99360,700.00640
GOOG,02.01.2014 00:12:27.302,699.99359,700.00641
GOOG,02.01.2014 00:12:28.722,699.99359,700.00641
GOOG,02.01.2014 00:12:30.246,699.99358,700.00642
GOOG,02.01.2014 00:12:31.584,699.99358,700.00642
GOOG,02.01.2014 00:12:32.794,699.99357,700.00643
GOOG,02.01.2014 00:12:34.159,699.99358,700.00642
GOOG,02.01.2014 00:12:35.508,699.99357,700.00643
GOOG,02.01.2014 00:12:36.923,699.99359,700.00641
GOOG,02.01.2014 00:12:38.177,699.99357,700.00643
GOOG,02.01.2014 00:12:39.499,699.99358,700.00642
GOOG,02.01.2014 00:12:40.952,699.99360,700.00640
GOOG,02.01.2014 00:12:42.278,699.99361,700.00639
GOOG,02.01.2014 00:12:43.786,699.99361,700.00639
GOOG,02.01.2014 00:12:45.182,699.99362,700.00638
GOOG,02.01.2014 00:12:46.831,699.99364,700.00636
GOOG,02.01.2014 00:12:48.097,699.99365,700.00635
GOOG,02.01.2014 00:12:49.441,699.99365,700.00635
GOOG,02.01.2014 00:12:50.928,699.99362,700.00638
GOOG,02.01.2014 00:12:52.477,699.99365,700.00635
GOOG,02.01.2014 00:12:53.883,699.99365,700.00635
GOOG,02.01.2014 00:12:55.275,699.99365,700.00635
GOOG,02.01.2014 00:12:56.797,699.99365,700.00635
GOOG,02.01.2014 00:12:58.110,699.99365,700.00635
GOOG,02.01.2014 00:12:59.233,699.99363,700.00637
GOOG,02.01.2014 00:13:00.585,699.99362,700.00638
GOOG,02.01.2014 00:13:01.987,699.99362,700.00638
GOOG,02.01.2014 00:13:03.452,699.99361,700.00639
GOOG,02.01.2014 00:13:04.786,699.99361,700.00639
GOOG,02.01.2014 00:13:06.188,699.99360,700.00640
GOOG,02.01.2014 00:13:07.543,699.99362,700.00638
GOOG,02.01.2014 00:13:09.178,699.99363,700.00637
GOOG,02.01.2014 00:13:10.562,699.99361,700.00639
GOOG,02.01.2014 00:13:11.966,699.99364,700.00636
GOOG,02.01.2014 00:13:13.507,699.99362,700.00638
GOOG,02.01.2014 00:13:15.063,699.99365,700.00635
GOOG,02.01.2014 00:13:16.408,699.99363,700.00637
GOOG,02.01.2014 00:13:17.635,699.99364,700.00636
GOOG,02.01.2014 00:13:19.239,699.99364,700.00636
GOOG,02.01.2014 00:13:20.639,699.99365,700.00635
GOOG,02.01.2014 00:13:22.173,699.99364,700.00636
GOOG,02.01.2014 00:13:23.586,699.99361,700.00639
GOOG,02.01.2014 00:13:24.840,699.99361,700.00639
GOOG,02.01.2014 00:13:26.170,699.99357,700.00643
GOOG,02.01.2014 00:13:27.589,699.99360,700.00640
GOOG,02.01.2014 00:13:28.960,699.99361,700.00639
GOOG,02.01.2014 00:13:30.422,699.99360,700.00640
GOOG,02.01.2014 00:13:31.736,699.99361,700.00639
GOOG,02.01.2014 00:13:33.048,699.99360,700.00640
GOOG,02.01.2014 00:13:34.370,699.99361,700.00639
GOOG,02.01.2014 00:13:35.804,699.99360,700.00640
GOOG,02.01.2014 00:13:37.169,699.99360,700.00640
GOOG,02.01.2014 00:13:38.364,699.99360,700.00640
GOOG,02.01.2014 00:13:39.692,699.99361,700.00639
GOOG,02.01.2014 00:13:41.169,699.99359,700.00641
GOOG,02.01.2014 00:13:42.651,699.99357,700.00643
GOOG,02.01.2014 00:13:43.971,699.99360,700.00640
GOOG,02.01.2014 00:13:45.403,699.99361,700.00639
GOOG,02.01.2014 00:13:46.719,699.99363,700.00637
GOOG,02.01.2014 00:13:47.980,699.99362,700.00638
GOOG,02.01.2014 00:13:49.461,699.99365,700.00635
GOOG,02.01.2014 00:13:50.966,699.99365,700.00635
GOOG,02.01.2014 00:13:52.440,699.99367,700.00633
GOOG,02.01.2014 00:13:54.009,699.99369,700.00631
GOOG,02.01.2014 00:13:55.370,699.99369,700.00631
GOOG,02.01.2014 00:13:56.741,699.99368,700.00632
GOOG,02.01.2014 00:13:57.944,699.99369,700.00631
GOOG,02.01.2014 00:13:59.422,699.99370,700.00630
GOOG,02.01.2014 00:14:00.655,699.99371,700.00629
GOOG,02.01.2014 00:14:02.177,699.99371,700.00629
GOOG,02.01.2014 00:14:03.573,699.99373,700.00627
GOOG,02.01.2014 00:14:05.063,699.99372,700.00628
GOOG,02.01.2014 00:14:06.428,699.99371,700.00629
GOOG,02.01.2014 00:14:07.716,699.99370,700.00630
GOOG,02.01.2014 00:14:09.066,699.99370,700.00630
GOOG,02.01.2014 00:14:10.343,699.99371,700.00629
GOOG,02.01.2014 00:14:11.620,699.99372,700.00628
GOOG,02.01.2014 00:14:12.914,699.99370,700.00630
GOOG,02.01.2014 00:14:14.311,699.99370,700.00630
GOOG,02.01.2014 00:14:15.707,699.99369,700.00631
GOOG,02.01.2014 00:14:17.063,699.99367,700.00633
GOOG,02.01.2014 00:14:18.332,699.99367,700.00633
GOOG,02.01.2014 00:14:19.773,699.99368,700.00632
GOOG,02.01.2014 00:14:21.246,699.99368,700.00632
GOOG,02.01.2014 00:14:22.465,699.99368,700.00632
GOOG,02.01.2014 00:14:23.821,699.99369,700.00631
GOOG,02.01.2014 00:14:25.360,699.99372,700.00628
GOOG,02.01.2014 00:14:26.831,699.99368,700.00632
GOOG,02.01.2014 00:14:28.485,699.99364,700.00636
GOOG,02.01.2014 00:14:29.845,699.99364,700.00636
GOOG,02.01.2014 00:14:31.174,699.99362,700.00638
GOOG,02.01.2014 00:14:32.745,699.99364,700.00636
GOOG,02.01.2014 00:14:34.275,699.99362,700.00638
GOOG,02.01.2014 00:14:35.795,699.99362,700.00638
GOOG,02.01.2014 00:14:37.071,699.99362,700.00638
GOOG,02.01.2014 00:14:38.606,699.99361,700.00639
GOOG,02.01.2014 00:14:40.007,699.99360,700.00640
GOOG,02.01.2014 00:14:41.308,699.99360,700.00640
GOOG,02.01.2014 00:14:42.718,699.99361,700.00639
GOOG,02.01.2014 00:14:44.134,699.99362,700.00638
GOOG,02.01.2014 00:14:45.379,699.99361,700.00639
GOOG,02.01.2014 00:14:46.696,699.99361,700.00639
GOOG,02.01.2014 00:14:48.226,699.99364,700.00636
GOOG,02.01.2014 00:14:49.785,699.99366,700.00634
GOOG,02.01.2014 00:14:51.131,699.99365,700.00635
GOOG,02.01.2014 00:14:52.502,699.99365,700.00635
GOOG,02.01.2014 00:14:54.037,699.99364,700.00636
GOOG,02.01.2014 00:14:55.482,699.99365,700.00635
GOOG,02.01.2014 00:14:56.892,699.99367,700.00633
GOOG,02.01.2014 00:14:58.287,699.99365,700.00635
GOOG,02.01.2014 00:14:59.549,699.99364,700.00636
GOOG,02.01.2014 00:15:00.957,699.99365,700.00635
GOOG,02.01.2014 00:15:02.149,699.99364,700.00636
GOOG,02.01.2014 00:15:03.648,699.99367,700.00633
GOOG,02.01.2014 00:15:05.014,699.99366,700.00634
GOOG,02.01.2014 00:15:06.566,699.99363,700.00637
GOOG,02.01.2014 00:15:07.945,699.99363,700.00637
GOOG,02.01.2014 00:15:09.354,699.99362,700.00638
GOOG,02.01.2014 00:15:10.880,699.99362,700.00638
GOOG,02.01.2014 00:15:12.500,699.99358,700.00642
GOOG,02.01.2014 00:15:13.843,699.99359,700.00641
GOOG,02.01.2014 00:15:15.148,699.99359,700.00641
GOOG,02.01.2014 00:15:16.414,699.99360,700.00640
GOOG,02.01.2014 00:15:17.750,699.99356,700.00644
GOOG,02.01.2014 00:15:19.095,699.99359,700.00641
GOOG,02.01.2014 00:15:20.489,699.99360,700.00640
GOOG,02.01.2014 00:15:21.946,699.99360,700.00640
GOOG,02.01.2014 00:15:23.365,699.99363,700.00637
GOOG,02.01.2014 00:15:24.739,699.99361,700.00639
GOOG,02.01.2014 00:15:26.092,699.99361,700.00639
GOOG,02.01.2014 00:15:27.527,699.99362,700.00638
GOOG,02.01.2014 00:15:28.809,699.99358,700.00642
GOOG,02.01.2014 00:15:30.274,699.99359,700.00641
GOOG,02.01.2014 00:15:31.808,699.99358,700.00642
GOOG,02.01.2014 00:15:33.283,699.99357,700.00643
GOOG,02.01.2014 00:15:34.783,699.99359,700.00641
GOOG,02.01.2014 00:15:36.169,699.99357,700.00643
GOOG,02.01.2014 00:15:37.569,699.99359,700.00641
GOOG,02.01.2014 00:15:38.945,699.99359,700.00641
GOOG,02.01.2014 00:15:40.192,699.99357,700.00643
GOOG,02.01.2014 00:15:41.471,699.99355,700.00645
GOOG,02.01.2014 00:15:43.030,699.99356,700.00644
GOOG,02.01.2014 00:15:44.509,699.99355,700.00645
GOOG,02.01.2014 00:15:45.902,699.99353,700.00647
GOOG,02.01.2014 00:15:47.367,699.99352,700.00648
GOOG,02.01.2014 00:15:48.935,699.99351,700.00649
GOOG,02.01.2014 00:15:50.338,699.99352,700.00648
GOOG,02.01.2014 00:15:51.738,699.99355,700.00645
GOOG,02.01.2014 00:15:53.265,699.99355,700.00645
GOOG,02.01.2014 00:15:54.626,699.99354,700.00646
GOOG,02.01.2014 00:15:56.014,699.99351,700.00649
GOOG,02.01.2014 00:15:57.351,699.99352,700.00648
GOOG,02.01.2014 00:15:58.820,699.99347,700.00653
GOOG,02.01.2014 00:16:00.242,699.99349,700.00651
GOOG,02.01.2014 00:16:01.419,699.99348,700.00652
GOOG,02.01.2014 00:16:02.750,699.99348,700.00652
GOOG,02.01.2014 00:16:04.012,699.99345,700.00655
GOOG,02.01.2014 00:16:05.254,699.99348,700.00652
GOOG,02.01.2014 00:16:06.732,699.99351,700.00649
GOOG,02.01.2014 00:16:08.213,699.99351,700.00649
GOOG,02.01.2014 00:16:09.399,699.99349,700.00651
GOOG,02.01.2014 00:16:10.769,699.99350,700.00650
GOOG,02.01.2014 00:16:12.193,699.99350,700.00650
GOOG,02.01.2014 00:16:13.545,699.99351,700.00649
GOOG,02.01.2014 00:16:14.908,699.99353,700.00647
GOOG,02.01.2014 00:16:16.255,699.99352,700.00648
GOOG,02.01.2014 00:16:17.536,699.99353,700.00647
GOOG,02.01.2014 00:16:18.932,699.99353,700.00647
GOOG,02.01.2014 00:16:20.271,699.99353,700.00647
GOOG,02.01.2014 00:16:21.753,699.99349,700.00651
GOOG,02.01.2014 00:16:23.227,699.99351,700.00649
GOOG,02.01.2014 00:16:24.692,699.99353,700.00647
GOOG,02.01.2014 00:16:26.106,699.99353,700.00647
GOOG,02.01.2014 00:16:27.465,699.99352,700.00648
GOOG,02.01.2014 00:16:28.796,699.99349,700.00651
GOOG,02.01.2014 00:16:30.135,699.99348,700.00652
GOOG,02.01.2014 00:16:31.576,699.99346,700.00654
GOOG,02.01.2014 00:16:32.961,699.99344,700.00656
GOOG,02.01.2014 00:16:34.421,699.99346,700.00654
GOOG,02.01.2014 00:16:35.732,699.99345,700.00655
GOOG,02.01.2014 00:16:37.172,699.99346,700.00654
GOOG,02.01.2014 00:16:38.630,699.99347,700.00653
GOOG,02.01.2014 00:16:40.090,699.99348,700.00652
GOOG,02.01.2014 00:16:41.414,699.99348,700.00652
GOOG,02.01.2014 00:16:42.793,699.99349,700.00651
GOOG,02.01.2014 00:16:44.254,699.99348,700.00652
GOOG,02.01.2014 00:16:45.562,699.99349,700.00651
GOOG,02.01.2014 00:16:47.115,699.99350,700.00650
GOOG,02.01.2014 00:16:48.619,699.99351,700.00649
GOOG,02.01.2014 00:16:49.942,699.99352,700.00648
GOOG,02.01.2014 00:16:51.289,699.99351,700.00649
GOOG,02.01.2014 00:16:52.615,699.99351,700.00649
GOOG,02.01.2014 00:16:53.904,699.99352,700.00648
GOOG,02.01.2014 00:16:55.195,699.99352,700.00648
GOOG,02.01.2014 00:16:56.508,699.99352,700.00648
GOOG,02.01.2014 00:16:57.878,699.99352,700.00648
GOOG,02.01.2014 00:16:59.437,699.99352,700.00648
GOOG,02.01.2014 00:17:00.816,699.99352,700.00648
GOOG,02.01.2014 00:17:02.343,699.99352,700.00648
GOOG,02.01.2014 00:17:03.462,699.99353,700.00647
GOOG,02.01.2014 00:17:04.637,699.99353,700.00647
GOOG,02.01.2014 00:17:05.938,699.99354,700.00646
GOOG,02.01.2014 00:17:07.222,699.99354,700.00646
GOOG,02.01.2014 00:17:08.621,699.99356,700.00644
GOOG,02.01.2014 00:17:10.002,699.99357,700.00643
GOOG,02.01.2014 00:17:11.463,699.99357,700.00643
GOOG,02.01.2014 00:17:12.920,699.99357,700.00643
GOOG,02.01.2014 00:17:14.297,699.99356,700.00644
GOOG,02.01.2014 00:17:15.656,699.99355,700.00645
GOOG,02.01.2014 00:17:17.078,699.99355,700.00645
GOOG,02.01.2014 00:17:18.404,699.99360,700.00640
GOOG,02.01.2014 00:17:20.017,699.99359,700.00641
GOOG,02.01.2014 00:17:21.391,699.99359,700.00641
GOOG,02.01.2014 00:17:22.688,699.99361,700.00639
GOOG,02.01.2014 00:17:24.144,699.99360,700.00640
GOOG,02.01.2014 00:17:25.455,699.99359,700.00641
GOOG,02.01.2014 00:17:26.946,699.99359,700.00641
GOOG,02.01.2014 00:17:28.169,699.99360,700.00640
GOOG,02.01.2014 00:17:29.531,699.99361,700.00639
GOOG,02.01.2014 00:17:31.016,699.99359,700.00641
GOOG,02.01.2014 00:17:32.509,699.99356,700.00644
GOOG,02.01.2014 00:17:33.832,699.99355,700.00645
GOOG,02.01.2014 00:17:35.302,699.99355,700.00645
GOOG,02.01.2014 00:17:36.837,699.99357,700.00643
GOOG,02.01.2014 00:17:38.085,699.99360,700.00640
GOOG,02.01.2014 00:17:39.443,699.99359,700.00641
GOOG,02.01.2014 00:17:40.769,699.99360,700.00640
GOOG,02.01.2014 00:17:42.130,699.99363,700.00637
GOOG,02.01.2014 00:17:43.511,699.99359,700.00641
GOOG,02.01.2014 00:17:44.789,699.99358,700.00642
GOOG,02.01.2014 00:17:46.244,699.99358,700.00642
GOOG,02.01.2014 00:17:47.674,699.99358,700.00642
GOOG,02.01.2014 00:17:49.034,699.99358,700.00642
GOOG,02.01.2014 00:17:50.540,699.99357,700.00643
GOOG,02.01.2014 00:17:51.852,699.99356,700.00644
GOOG,02.01.2014 00:17:53.175,699.99357,700.00643
GOOG,02.01.2014 00:17:54.799,699.99354,700.00646
GOOG,02.01.2014 00:17:56.306,699.99356,700.00644
GOOG,02.01.2014 00:17:57.720,699.99356,700.00644
GOOG,02.01.2014 00:17:59.236,699.99356,700.00644
GOOG,02.01.2014 00:18:00.636,699.99354,700.00646
GOOG,02.01.2014 00:18:02.007,699.99357,700.00643
GOOG,02.01.2014 00:18:03.448,699.99356,700.00644
GOOG,02.01.2014 00:18:04.925,699.99355,700.00645
GOOG,02.01.2014 00:18:06.451,699.99354,700.00646
GOOG,02.01.2014 00:18:07.906,699.99354,700.00646
GOOG,02.01.2014 00:18:09.052,699.99355,700.00645
GOOG,02.01.2014 00:18:10.684,699.99355,700.00645
GOOG,02.01.2014 00:18:12.121,699.99356,700.00644
GOOG,02.01.2014 00:18:13.607,699.99356,700.00644
GOOG,02.01.2014 00:18:15.080,699.99355,700.00645
GOOG,02.01.2014 00:18:16.455,699.99354,700.00646
GOOG,02.01.2014 00:18:17.941,699.99358,700.00642
GOOG,02.01.2014 00:18:19.334,699.99356,700.00644
GOOG,02.01.2014 00:18:20.723,699.99352,700.00648
GOOG,02.01.2014 00:18:22.044,699.99351,700.00649
GOOG,02.01.2014 00:18:23.440,699.99353,700.00647
GOOG,02.01.2014 00:18:24.903,699.99353,700.00647
GOOG,02.01.2014 00:18:26.287,699.99351,700.00649
GOOG,02.01.2014 00:18:27.541,699.99352,700.00648
GOOG,02.01.2014 00:18:28.892,699.99352,700.00648
GOOG,02.01.2014 00:18:30.399,699.99351,700.00649
GOOG,02.01.2014 00:18:31.950,699.99354,700.00646
GOOG,02.01.2014 00:18:33.241,699.99356,700.00644
GOOG,02.01.2014 00:18:34.741,699.99360,700.00640
GOOG,02.01.2014 00:18:36.009,699.99361,700.00639
GOOG,02.01.2014 00:18:37.159,699.99360,700.00640
GOOG,02.01.2014 00:18:38.679,699.99361,700.00639
GOOG,02.01.2014 00:18:40.129,699.99358,700.00642
GOOG,02.01.2014 00:18:41.568,699.99356,700.00644
GOOG,02.01.2014 00:18:42.921,699.99357,700.00643
GOOG,02.01.2014 00:18:44.362,699.99356,700.00644
GOOG,02.01.2014 00:18:45.827,699.99354,700.00646
GOOG,02.01.2014 00:18:47.336,699.99352,700.00648
GOOG,02.01.2014 00:18:48.918,699.99352,700.00648
GOOG,02.01.2014 00:18:50.337,699.99352,700.00648
GOOG,02.01.2014 00:18:51.840,699.99351,700.00649
GOOG,02.01.2014 00:18:53.157,699.99351,700.00649
GOOG,02.01.2014 00:18:54.781,699.99353,700.00647
GOOG,02.01.2014 00:18:56.183,699.99352,700.00648
GOOG,02.01.2014 00:18:57.494,699.99350,700.00650
GOOG,02.01.2014 00:18:58.807,699.99350,700.00650
GOOG,02.01.2014 00:19:00.146,699.99349,700.00651
GOOG,02.01.2014 00:19:01.529,699.99350,700.00650
GOOG,02.01.2014 00:19:03.034,699.99348,700.00652
GOOG,02.01.2014 00:19:04.398,699.99345,700.00655
GOOG,02.01.2014 00:19:05.811,699.99343,700.00657
GOOG,02.01.2014 00:19:07.142,699.99344,700.00656
GOOG,02.01.2014 00:19:08.471,699.99344,700.00656
GOOG,02.01.2014 00:19:09.808,699.99344,700.00656
GOOG,02.01.2014 00:19:11.080,699.99344,700.00656
GOOG,02.01.2014 00:19:12.544,699.99346,700.00654
GOOG,02.01.2014 00:19:14.136,699.99347,700.00653
GOOG,02.01.2014 00:19:15.589,699.99350,700.00650
GOOG,02.01.2014 00:19:17.012,699.99351,700.00649
GOOG,02.01.2014 00:19:18.528,699.99350,700.00650
GOOG,02.01.2014 00:19:19.904,699.99348,700.00652
GOOG,02.01.2014 00:19:21.319,699.99347,700.00653
GOOG,02.01.2014 00:19:22.707,699.99347,700.00653
GOOG,02.01.2014 00:19:24.117,699.99346,700.00654
GOOG,02.01.2014 00:19:25.364,699.99345,700.00655
GOOG,02.01.2014 00:19:26.697,699.99345,700.00655
GOOG,02.01.2014 00:19:27.875,699.99346,700.00654
GOOG,02.01.2014 00:19:29.268,699.99346,700.00654
GOOG,02.01.2014 00:19:30.493,699.99346,700.00654
GOOG,02.01.2014 00:19:31.850,699.99347,700.00653
GOOG,02.01.2014 00:19:33.316,699.99352,700.00648
GOOG,02.01.2014 00:19:34.639,699.99350,700.00650
GOOG,02.01.2014 00:19:35.940,699.99351,700.00649
GOOG,02.01.2014 00:19:37.425,699.99351,700.00649
GOOG,02.01.2014 00:19:38.853,699.99351,700.00649
GOOG,02.01.2014 00:19:40.371,699.99351,700.00649
GOOG,02.01.2014 00:19:41.810,699.99349,700.00651
GOOG,02.01.2014 00:19:43.349,699.99348,700.00652
GOOG,02.01.2014 00:19:44.636,699.99346,700.00654
GOOG,02.01.2014 00:19:45.969,699.99344,700.00656
GOOG,02.01.2014 00:19:47.292,699.99341,700.00659
GOOG,02.01.2014 00:19:48.741,699.99339,700.00661
GOOG,02.01.2014 00:19:50.104,699.99338,700.00662
GOOG,02.01.2014 00:19:51.606,699.99336,700.00664
GOOG,02.01.2014 00:19:52.970,699.99335,700.00665
GOOG,02.01.2014 00:19:54.276,699.99334,700.00666
GOOG,02.01.2014 00:19:55.697,699.99333,700.00667
GOOG,02.01.2014 00:19:56.912,699.99332,700.00668
GOOG,02.01.2014 00:19:58.244,699.99334,700.00666
GOOG,02.01.2014 00:19:59.636,699.99333,700.00667
GOOG,02.01.2014 00:20:00.976,699.99334,700.00666
GOOG,02.01.2014 00:20:02.288,699.99333,700.00667
GOOG,02.01.2014 00:20:03.672,699.99334,700.00666
GOOG,02.01.2014 00:20:05.022,699.99331,700.00669
GOOG,02.01.2014 00:20:06.366,699.99329,700.00671
GOOG,02.01.2014 00:20:07.902,699.99328,700.00672
GOOG,02.01.2014 00:20:09.331,699.99330,700.00670
GOOG,02.01.2014 00:20:10.685,699.99329,700.00671
GOOG,02.01.2014 00:20:11.904,699.99328,700.00672
GOOG,02.01.2014 00:20:13.414,699.99326,700.00674
GOOG,02.01.2014 00:20:14.831,699.99327,700.00673
GOOG,02.01.2014 00:20:16.293,699.99329,700.00671
GOOG,02.01.2014 00:20:17.782,699.99328,700.00672
GOOG,02.01.2014 00:20:19.120,699.99326,700.00674
GOOG,02.01.2014 00:20:20.585,699.99325,700.00675
GOOG,02.01.2014 00:20:22.027,699.99325,700.00675
GOOG,02.01.2014 00:20:23.433,699.99325,700.00675
GOOG,02.01.2014 00:20:24.700,699.99326,700.00674
GOOG,02.01.2014 00:20:26.088,699.99326,700.00674
GOOG,02.01.2014 00:20:27.552,699.99324,700.00676
GOOG,02.01.2014 00:20:28.924,699.99323,700.00677
GOOG,02.01.2014 00:20:30.330,699.99323,700.00677
GOOG,02.01.2014 00:20:31.761,699.99322,700.00678
GOOG,02.01.2014 00:20:33.239,699.99319,700.00681
GOOG,02.01.2014 00:20:34.682,699.99321,700.00679
GOOG,02.01.2014 00:20:36.278,699.99317,700.00683
GOOG,02.01.2014 00:20:37.836,699.99317,700.00683
GOOG,02.01.2014 00:20:39.271,699.99316,700.00684
GOOG,02.01.2014 00:20:40.812,699.99314,700.00686
GOOG,02.01.2014 00:20:42.205,699.99313,700.00687
GOOG,02.01.2014 00:20:43.649,699.99312,700.00688
GOOG,02.01.2014 00:20:45.102,699.99311,700.00689
GOOG,02.01.2014 00:20:46.467,699.99312,700.00688
GOOG,02.01.2014 00:20:47.858,699.99311,700.00689
GOOG,02.01.2014 00:20:49.330,699.99309,700.00691
GOOG,02.01.2014 00:20:50.706,699.99310,700.00690
GOOG,02.01.2014 00:20:52.140,699.99309,700.00691
GOOG,02.01.2014 00:20:53.525,699.99309,700.00691
GOOG,02.01.2014 00:20:54.957,699.99312,700.00688
GOOG,02.01.2014 00:20:56.203,699.99312,700.00688
GOOG,02.01.2014 00:20:57.676,699.99314,700.00686
GOOG,02.01.2014 00:20:59.079,699.99315,700.00685
GOOG,02.01.2014 00:21:00.382,699.99316,700.00684
GOOG,02.01.2014 00:21:01.894,699.99314,700.00686
GOOG,02.01.2014 00:21:03.090,699.99317,700.00683
GOOG,02.01.2014 00:21:04.573,699.99314,700.00686
GOOG,02.01.2014 00:21:05.929,699.99314,700.00686
GOOG,02.01.2014 00:21:07.409,699.99314,700.00686
GOOG,02.01.2014 00:21:08.897,699.99314,700.00686
GOOG,02.01.2014 00:21:10.366,699.99314,700.00686
GOOG,02.01.2014 00:21:11.782,699.99316,700.00684
GOOG,02.01.2014 00:21:13.321,699.99314,700.00686
GOOG,02.01.2014 00:21:14.664,699.99314,700.00686
GOOG,02.01.2014 00:21:16.057,699.99315,700.00685
GOOG,02.01.2014 00:21:17.322,699.99315,700.00685
GOOG,02.01.2014 00:21:18.577,699.99313,700.00687
GOOG,02.01.2014 00:21:20.104,699.99313,700.00687
GOOG,02.01.2014 00:21:21.493,699.99316,700.00684
GOOG,02.01.2014 00:21:22.860,699.99318,700.00682
GOOG,02.01.2014 00:21:24.319,699.99319,700.00681
GOOG,02.01.2014 00:21:25.698,699.99321,700.00679
GOOG,02.01.2014 00:21:27.136,699.99321,700.00679
GOOG,02.01.2014 00:21:28.352,699.99324,700.00676
GOOG,02.01.2014 00:21:29.720,699.99324,700.00676
GOOG,02.01.2014 00:21:31.110,699.99323,700.00677
GOOG,02.01.2014 00:21:32.671,699.99324,700.00676
GOOG,02.01.2014 00:21:34.203,699.99325,700.00675
GOOG,02.01.2014 00:21:35.564,699.99325,700.00675
GOOG,02.01.2014 00:21:36.864,699.99324,700.00676
GOOG,02.01.2014 00:21:38.360,699.99328,700.00672
GOOG,02.01.2014 00:21:39.667,699.99326,700.00674
GOOG,02.01.2014 00:21:41.022,699.99325,700.00675
GOOG,02.01.2014 00:21:42.378,699.99327,700.00673
GOOG,02.01.2014 00:21:43.773,699.99330,700.00670
GOOG,02.01.2014 00:21:45.123,699.99328,700.00672
GOOG,02.01.2014 00:21:46.512,699.99329,700.00671
GOOG,02.01.2014 00:21:47.821,699.99329,700.00671
GOOG,02.01.2014 00:21:49.337,699.99328,700.00672
GOOG,02.01.2014 00:21:50.735,699.99328,700.00672
GOOG,02.01.2014 00:21:52.106,699.99330,700.00670
GOOG,02.01.2014 00:21:53.439,699.99332,700.00668
GOOG,02.01.2014 00:21:54.772,699.99331,700.00669
GOOG,02.01.2014 00:21:56.186,699.99332,700.00668
GOOG,02.01.2014 00:21:57.679,699.99329,700.00671
GOOG,02.01.2014 00:21:59.143,699.99325,700.00675
GOOG,02.01.2014 00:22:00.548,699.99322,700.00678
GOOG,02.01.2014 00:22:02.021,699.99319,700.00681
GOOG,02.01.2014 00:22:03.372,699.99320,700.00680
GOOG,02.01.2014 00:22:04.836,699.99321,700.00679
GOOG,02.01.2014 00:22:06.088,699.99324,700.00676
GOOG,02.01.2014 00:22:07.478,699.99322,700.00678
GOOG,02.01.2014 00:22:08.928,699.99324,700.00676
GOOG,02.01.2014 00:22:10.276,699.99324,700.00676
GOOG,02.01.2014 00:22:11.497,699.99323,700.00677
GOOG,02.01.2014 00:22:12.883,699.99323,700.00677
GOOG,02.01.2014 00:22:14.247,699.99324,700.00676
GOOG,02.01.2014 00:22:15.469,699.99322,700.00678
GOOG,02.01.2014 00:22:16.874,699.99321,700.00679
GOOG,02.01.2014 00:22:18.158,699.99320,700.00680
GOOG,02.01.2014 00:22:19.614,699.99321,700.00679
GOOG,02.01.2014 00:22:21.143,699.99323,700.00677
GOOG,02.01.2014 00:22:22.639,699.99322,700.00678
GOOG,02.01.2014 00:22:24.030,699.99321,700.00679
GOOG,02.01.2014 00:22:25.522,699.99320,700.00680
GOOG,02.01.2014 00:22:27.026,699.99323,700.00677
GOOG,02.01.2014 00:22:28.405,699.99324,700.00676
GOOG,02.01.2014 00:22:29.716,699.99323,700.00677
GOOG,02.01.2014 00:22:31.111,699.99323,700.00677
GOOG,02.01.2014 00:22:32.525,699.99321,700.00679
GOOG,02.01.2014 00:22:34.127,699.99319,700.00681
GOOG,02.01.2014 00:22:35.438,699.99320,700.00680
GOOG,02.01.2014 00:22:36.827,699.99319,700.00681
GOOG,02.01.2014 00:22:38.307,699.99319,700.00681
GOOG,02.01.2014 00:22:39.717,699.99318,700.00682
GOOG,02.01.2014 00:22:41.059,699.99317,700.00683
GOOG,02.01.2014 00:22:42.448,699.99315,700.00685
GOOG,02.01.2014 00:22:43.668,699.99316,700.00684
GOOG,02.01.2014 00:22:45.078,699.99314,700.00686
GOOG,02.01.2014 00:22:46.580,699.99315,700.00685
GOOG,02.01.2014 00:22:48.077,699.99313,700.00687
GOOG,02.01.2014 00:22:49.533,699.99314,700.00686
GOOG,02.01.2014 00:22:51.001,699.99312,700.00688
GOOG,02.01.2014 00:22:52.460,699.99313,700.00687
GOOG,02.01.2014 00:22:53.924,699.99311,700.00689
GOOG,02.01.2014 00:22:55.364,699.99310,700.00690
GOOG,02.01.2014 00:22:56.943,699.99308,700.00692
GOOG,02.01.2014 00:22:58.271,699.99308,700.00692
GOOG,02.01.2014 00:22:59.637,699.99308,700.00692
GOOG,02.01.2014 00:23:01.208,699.99309,700.00691
GOOG,02.01.2014 00:23:02.481,699.99309,700.00691
GOOG,02.01.2014 00:23:03.793,699.99309,700.00691
GOOG,02.01.2014 00:23:05.178,699.99308,700.00692
GOOG,02.01.2014 00:23:06.484,699.99307,700.00693
GOOG,02.01.2014 00:23:07.767,699.99308,700.00692
GOOG,02.01.2014 00:23:09.142,699.99307,700.00693
GOOG,02.01.2014 00:23:10.354,699.99307,700.00693
GOOG,02.01.2014 00:23:11.752,699.99308,700.00692
GOOG,02.01.2014 00:23:13.092,699.99308,700.00692
GOOG,02.01.2014 00:23:14.619,699.99305,700.00695
GOOG,02.01.2014 00:23:15.967,699.99305,700.00695
GOOG,02.01.2014 00:23:17.351,699.99304,700.00696
GOOG,02.01.2014 00:23:18.918,699.99305,700.00695
GOOG,02.01.2014 00:23:20.360,699.99305,700.00695
GOOG,02.01.2014 00:23:21.621,699.99304,700.00696
GOOG,02.01.2014 00:23:23.087,699.99302,700.00698
GOOG,02.01.2014 00:23:24.375,699.99301,700.00699
GOOG,02.01.2014 00:23:25.863,699.99300,700.00700
GOOG,02.01.2014 00:23:27.325,699.99298,700.00702
GOOG,02.01.2014 00:23:28.614,699.99296,700.00704
GOOG,02.01.2014 00:23:30.012,699.99299,700.00701
GOOG,02.01.2014 00:23:31.186,699.99300,700.00700
GOOG,02.01.2014 00:23:32.694,699.99300,700.00700
GOOG,02.01.2014 00:23:34.083,699.99299,700.00701
GOOG,02.01.2014 00:23:35.498,699.99300,700.00700
GOOG,02.01.2014 00:23:36.998,699.99303,700.00697
GOOG,02.01.2014 00:23:38.531,699.99306,700.00694
GOOG,02.01.2014 00:23:39.895,699.99308,700.00692
GOOG,02.01.2014 00:23:41.225,699.99309,700.00691
GOOG,02.01.2014 00:23:42.709,699.99310,700.00690
GOOG,02.01.2014 00:23:44.136,699.99312,700.00688
GOOG,02.01.2014 00:23:45.477,699.99310,700.00690
GOOG,02.01.2014 00:23:46.909,699.99312,700.00688
GOOG,02.01.2014 00:23:48.272,699.99312,700.00688
GOOG,02.01.2014 00:23:49.863,699.99310,700.00690
GOOG,02.01.2014 00:23:51.480,699.99309,700.00691
GOOG,02.01.2014 00:23:52.850,699.99308,700.00692
GOOG,02.01.2014 00:23:54.445,699.99309,700.00691
GOOG,02.01.2014 00:23:55.671,699.99312,700.00688
GOOG,02.01.2014 00:23:57.242,699.99311,700.00689
GOOG,02.01.2014 00:23:58.671,699.99312,700.00688
GOOG,02.01.2014 00:24:00.140,699.99311,700.00689
GOOG,02.01.2014 00:24:01.530,699.99312,700.00688
GOOG,02.01.2014 00:24:02.873,699.99311,700.00689
GOOG,02.01.2014 00:24:04.259,699.99309,700.00691
GOOG,02.01.2014 00:24:05.758,699.99310,700.00690
GOOG,02.01.2014 00:24:07.113,699.99308,700.00692
GOOG,02.01.2014 00:24:08.629,699.99308,700.00692
GOOG,02.01.2014 00:24:09.930,699.99308,700.00692
GOOG,02.01.2014 00:24:11.240,699.99306,700.00694
GOOG,02.01.2014 00:24:12.655,699.99306,700.00694
GOOG,02.01.2014 00:24:13.991,699.99310,700.00690
GOOG,02.01.2014 00:24:15.350,699.99310,700.00690
GOOG,02.01.2014 00:24:16.661,699.99308,700.00692
GOOG,02.01.2014 00:24:17.943,699.99308,700.00692
GOOG,02.01.2014 00:24:19.398,699.99308,700.00692
GOOG,02.01.2014 00:24:20.694,699.99309,700.00691
GOOG,02.01.2014 00:24:21.987,699.99309,700.00691
GOOG,02.01.2014 00:24:23.415,699.99309,700.00691
GOOG,02.01.2014 00:24:24.737,699.99310,700.00690
GOOG,02.01.2014 00:24:26.291,699.99307,700.00693
GOOG,02.01.2014 00:24:27.662,699.99308,700.00692
GOOG,02.01.2014 00:24:29.049,699.99310,700.00690
GOOG,02.01.2014 00:24:30.378,699.99309,700.00691
GOOG,02.01.2014 00:24:31.887,699.99307,700.00693
GOOG,02.01.2014 00:24:33.142,699.99306,700.00694
GOOG,02.01.2014 00:24:34.574,699.99307,700.00693
GOOG,02.01.2014 00:24:36.091,699.99303,700.00697
GOOG,02.01.2014 00:24:37.462,699.99301,700.00699
GOOG,02.01.2014 00:24:38.749,699.99301,700.00699
GOOG,02.01.2014 00:24:40.164,699.99299,700.00701
GOOG,02.01.2014 00:24:41.426,699.99296,700.00704
GOOG,02.01.2014 00:24:42.671,699.99295,700.00705
GOOG,02.01.2014 00:24:44.085,699.99293,700.00707
GOOG,02.01.2014 00:24:45.495,699.99293,700.00707
GOOG,02.01.2014 00:24:46.807,699.99290,700.00710
GOOG,02.01.2014 00:24:48.179,699.99288,700.00712
GOOG,02.01.2014 00:24:49.574,699.99287,700.00713
GOOG,02.01.2014 00:24:50.832,699.99287,700.00713
GOOG,02.01.2014 00:24:52.183,699.99287,700.00713
GOOG,02.01.2014 00:24:53.431,699.99287,700.00713
GOOG,02.01.2014 00:24:54.930,699.99285,700.00715
GOOG,02.01.2014 00:24:56.398,699.99286,700.00714
GOOG,02.01.2014 00:24:57.931,699.99287,700.00713
GOOG,02.01.2014 00:24:59.431,699.99288,700.00712
GOOG,02.01.2014 00:25:01.050,699.99288,700.00712
GOOG,02.01.2014 00:25:02.444,699.99288,700.00712
GOOG,02.01.2014 00:25:03.798,699.99289,700.00711
GOOG,02.01.2014 00:25:05.180,699.99288,700.00712
GOOG,02.01.2014 00:25:06.466,699.99285,700.00715
GOOG,02.01.2014 00:25:07.954,699.99284,700.00716
GOOG,02.01.2014 00:25:09.219,699.99286,700.00714
GOOG,02.01.2014 00:25:10.735,699.99286,700.00714
GOOG,02.01.2014 00:25:11.977,699.99286,700.00714
GOOG,02.01.2014 00:25:13.263,699.99285,700.00715
GOOG,02.01.2014 00:25:14.769,699.99285,700.00715
GOOG,02.01.2014 00:25:16.164,699.99283,700.00717
GOOG,02.01.2014 00:25:17.709,699.99283,700.00717
GOOG,02.01.2014 00:25:19.164,699.99283,700.00717
GOOG,02.01.2014 00:25:20.491,699.99284,700.00716
GOOG,02.01.2014 00:25:21.807,699.99284,700.00716
GOOG,02.01.2014 00:25:23.201,699.99283,700.00717
GOOG,02.01.2014 00:25:24.718,699.99283,700.00717
GOOG,02.01.2014 00:25:26.255,699.99284,700.00716
GOOG,02.01.2014 00:25:27.647,699.99283,700.00717
GOOG,02.01.2014 00:25:29.144,699.99283,700.00717
GOOG,02.01.2014 00:25:30.530,699.99282,700.00718
GOOG,02.01.2014 00:25:31.837,699.99280,700.00720
GOOG,02.01.2014 00:25:33.298,699.99279,700.00721
GOOG,02.01.2014 00:25:34.788,699.99279,700.00721
GOOG,02.01.2014 00:25:36.453,699.99278,700.00722
GOOG,02.01.2014 00:25:37.782,699.99278,700.00722
GOOG,02.01.2014 00:25:39.130,699.99279,700.00721
GOOG,02.01.2014 00:25:40.485,699.99278,700.00722
GOOG,02.01.2014 00:25:41.727,699.99280,700.00720
GOOG,02.01.2014 00:25:43.002,699.99280,700.00720
GOOG,02.01.2014 00:25:44.250,699.99281,700.00719
GOOG,02.01.2014 00:25:45.778,699.99280,700.00720
GOOG,02.01.2014 00:25:47.070,699.99280,700.00720
GOOG,02.01.2014 00:25:48.597,699.99280,700.00720
GOOG,02.01.2014 00:25:49.937,699.99280,700.00720
GOOG,02.01.2014 00:25:51.189,699.99281,700.00719
GOOG,02.01.2014 00:25:52.523,699.99282,700.00718
GOOG,02.01.2014 00:25:53.890,699.99284,700.00716
GOOG,02.01.2014 00:25:55.363,699.99284,700.00716
GOOG,02.01.2014 00:25:56.731,699.99284,700.00716
GOOG,02.01.2014 00:25:58.090,699.99286,700.00714
GOOG,02.01.2014 00:25:59.435,699.99288,700.00712
GOOG,02.01.2014 00:26:00.784,699.99288,700.00712
GOOG,02.01.2014 00:26:02.082,699.99288,700.00712
GOOG,02.01.2014 00:26:03.574,699.99285,700.00715
GOOG,02.01.2014 00:26:05.040,699.99283,700.00717
GOOG,02.01.2014 00:26:06.423,699.99285,700.00715
GOOG,02.01.2014 00:26:07.703,699.99285,700.00715
GOOG,02.01.2014 00:26:09.088,699.99284,700.00716
GOOG,02.01.2014 00:26:10.437,699.99283,700.00717
GOOG,02.01.2014 00:26:11.842,699.99286,700.00714
GOOG,02.01.2014 00:26:13.282,699.99287,700.00713
GOOG,02.01.2014 00:26:14.610,699.99287,700.00713
GOOG,02.01.2014 00:26:15.941,699.99286,700.00714
GOOG,02.01.2014 00:26:17.434,699.99286,700.00714
GOOG,02.01.2014 00:26:18.859,699.99283,700.00717
GOOG,02.01.2014 00:26:20.161,699.99283,700.00717
GOOG,02.01.2014 00:26:21.440,699.99283,700.00717
GOOG,02.01.2014 00:26:22.629,699.99283,700.00717
GOOG,02.01.2014 00:26:24.097,699.99283,700.00717
GOOG,02.01.2014 00:26:25.508,699.99285,700.00715
GOOG,02.01.2014 00:26:26.924,699.99284,700.00716
GOOG,02.01.2014 00:26:28.445,699.99285,700.00715
GOOG,02.01.2014 00:26:29.749,699.99287,700.00713
GOOG,02.01.2014 00:26:31.270,699.99288,700.00712
GOOG,02.01.2014 00:26:32.616,699.99291,700.00709
GOOG,02.01.2014 00:26:33.984,699.99287,700.00713
GOOG,02.01.2014 00:26:35.574,699.99287,700.00713
GOOG,02.01.2014 00:26:37.110,699.99288,700.00712
GOOG,02.01.2014 00:26:38.663,699.99288,700.00712
GOOG,02.01.2014 00:26:40.132,699.99288,700.00712
GOOG,02.01.2014 00:26:41.583,699.99283,700.00717
GOOG,02.01.2014 00:26:43.087,699.99284,700.00716
GOOG,02.01.2014 00:26:44.271,699.99285,700.00715
GOOG,02.01.2014 00:26:45.680,699.99286,700.00714
GOOG,02.01.2014 00:26:47.093,699.99286,700.00714
GOOG,02.01.2014 00:26:48.596,699.99290,700.00710
GOOG,02.01.2014 00:26:49.985,699.99289,700.00711
GOOG,02.01.2014 00:26:51.130,699.99290,700.00710
GOOG,02.01.2014 00:26:52.649,699.99290,700.00710
GOOG,02.01.2014 00:26:54.096,699.99292,700.00708
GOOG,02.01.2014 00:26:55.380,699.99292,700.00708
GOOG,02.01.2014 00:26:56.922,699.99293,700.00707
GOOG,02.01.2014 00:26:58.316,699.99292,700.00708
GOOG,02.01.2014 00:26:59.809,699.99291,700.00709
GOOG,02.01.2014 00:27:01.304,699.99293,700.00707
GOOG,02.01.2014 00:27:02.717,699.99293,700.00707
GOOG,02.01.2014 00:27:04.061,699.99294,700.00706
GOOG,02.01.2014 00:27:05.583,699.99296,700.00704
GOOG,02.01.2014 00:27:06.782,699.99297,700.00703
GOOG,02.01.2014 00:27:08.052,699.99296,700.00704
GOOG,02.01.2014 00:27:09.437,699.99295,700.00705
GOOG,02.01.2014 00:27:10.766,699.99296,700.00704
GOOG,02.01.2014 00:27:12.296,699.99296,700.00704
GOOG,02.01.2014 00:27:13.689,699.99296,700.00704
GOOG,02.01.2014 00:27:14.990,699.99297,700.00703
GOOG,02.01.2014 00:27:16.420,699.99294,700.00706
GOOG,02.01.2014 00:27:17.861,699.99297,700.00703
GOOG,02.01.2014 00:27:19.279,699.99296,700.00704
GOOG,02.01.2014 00:27:20.825,699.99295,700.00705
GOOG,02.01.2014 00:27:22.188,699.99295,700.00705
GOOG,02.01.2014 00:27:23.532,699.99295,700.00705
GOOG,02.01.2014 00:27:25.212,699.99294,700.00706
GOOG,02.01.2014 00:27:26.386,699.99294,700.00706
GOOG,02.01.2014 00:27:27.909,699.99293,700.00707
GOOG,02.01.2014 00:27:29.349,699.99292,700.00708
GOOG,02.01.2014 00:27:30.732,699.99292,700.00708
GOOG,02.01.2014 00:27:32.109,699.99292,700.00708
GOOG,02.01.2014 00:27:33.482,699.99291,700.00709
GOOG,02.01.2014 00:27:35.028,699.99294,700.00706
GOOG,02.01.2014 00:27:36.449,699.99293,700.00707
GOOG,02.01.2014 00:27:37.905,699.99294,700.00706
GOOG,02.01.2014 00:27:39.254,699.99293,700.00707
GOOG,02.01.2014 00:27:40.674,699.99293,700.00707
GOOG,02.01.2014 00:27:42.037,699.99292,700.00708
GOOG,02.01.2014 00:27:43.427,699.99291,700.00709
GOOG,02.01.2014 00:27:44.738,699.99291,700.00709
GOOG,02.01.2014 00:27:46.267,699.99291,700.00709
GOOG,02.01.2014 00:27:47.527,699.99289,700.00711
GOOG,02.01.2014 00:27:48.954,699.99287,700.00713
GOOG,02.01.2014 00:27:50.276,699.99288,700.00712
GOOG,02.01.2014 00:27:51.649,699.99290,700.00710
GOOG,02.01.2014 00:27:53.008,699.99291,700.00709
GOOG,02.01.2014 00:27:54.221,699.99293,700.00707
GOOG,02.01.2014 00:27:55.534,699.99294,700.00706
GOOG,02.01.2014 00:27:56.887,699.99293,700.00707
GOOG,02.01.2014 00:27:58.433,699.99294,700.00706
GOOG,02.01.2014 00:27:59.767,699.99292,700.00708
GOOG,02.01.2014 00:28:01.168,699.99292,700.00708
GOOG,02.01.2014 00:28:02.655,699.99294,700.00706
GOOG,02.01.2014 00:28:04.000,699.99294,700.00706
GOOG,02.01.2014 00:28:05.559,699.99297,700.00703
GOOG,02.01.2014 00:28:06.972,699.99299,700.00701
GOOG,02.01.2014 00:28:08.211,699.99300,700.00700
GOOG,02.01.2014 00:28:09.611,699.99300,700.00700
GOOG,02.01.2014 00:28:10.948,699.99299,700.00701
GOOG,02.01.2014 00:28:12.173,699.99299,700.00701
GOOG,02.01.2014 00:28:13.654,699.99298,700.00702
GOOG,02.01.2014 00:28:15.269,699.99297,700.00703
GOOG,02.01.2014 00:28:16.533,699.99296,700.00704
GOOG,02.01.2014 00:28:17.887,699.99293,700.00707
GOOG,02.01.2014 00:28:19.414,699.99296,700.00704
GOOG,02.01.2014 00:28:20.841,699.99296,700.00704
GOOG,02.01.2014 00:28:22.209,699.99293,700.00707
GOOG,02.01.2014 00:28:23.622,699.99292,700.00708
GOOG,02.01.2014 00:28:25.087,699.99292,700.00708
GOOG,02.01.2014 00:28:26.509,699.99295,700.00705
GOOG,02.01.2014 00:28:27.862,699.99295,700.00705
GOOG,02.01.2014 00:28:29.249,699.99295,700.00705
GOOG,02.01.2014 00:28:30.584,699.99296,700.00704
GOOG,02.01.2014 00:28:31.835,699.99293,700.00707
GOOG,02.01.2014 00:28:33.105,699.99293,700.00707
GOOG,02.01.2014 00:28:34.565,699.99291,700.00709
GOOG,02.01.2014 00:28:36.097,699.99291,700.00709
GOOG,02.01.2014 00:28:37.404,699.99289,700.00711
GOOG,02.01.2014 00:28:38.790,699.99291,700.00709
GOOG,02.01.2014 00:28:40.187,699.99292,700.00708
GOOG,02.01.2014 00:28:41.507,699.99291,700.00709
GOOG,02.01.2014 00:28:42.696,699.99293,700.00707
GOOG,02.01.2014 00:28:44.103,699.99294,700.00706
GOOG,02.01.2014 00:28:45.489,699.99292,700.00708
GOOG,02.01.2014 00:28:46.898,699.99294,700.00706
GOOG,02.01.2014 00:28:48.381,699.99295,700.00705
GOOG,02.01.2014 00:28:49.925,699.99294,700.00706
GOOG,02.01.2014 00:28:51.392,699.99293,700.00707
GOOG,02.01.2014 00:28:52.758,699.99295,700.00705
GOOG,02.01.2014 00:28:54.313,699.99294,700.00706
GOOG,02.01.2014 00:28:55.757,699.99295,700.00705
GOOG,02.01.2014 00:28:57.048,699.99295,700.00705
GOOG,02.01.2014 00:28:58.566,699.99294,700.00706
GOOG,02.01.2014 00:28:59.784,699.99293,700.00707
GOOG,02.01.2014 00:29:01.059,699.99293,700.00707
GOOG,02.01.2014 00:29:02.432,699.99288,700.00712
GOOG,02.01.2014 00:29:03.669,699.99290,700.00710
GOOG,02.01.2014 00:29:04.854,699.99289,700.00711
GOOG,02.01.2014 00:29:06.432,699.99287,700.00713
GOOG,02.01.2014 00:29:07.657,699.99287,700.00713
GOOG,02.01.2014 00:29:09.160,699.99287,700.00713
GOOG,02.01.2014 00:29:10.440,699.99286,700.00714
GOOG,02.01.2014 00:29:11.873,699.99284,700.00716
GOOG,02.01.2014 00:29:13.354,699.99278,700.00722
GOOG,02.01.2014 00:29:14.852,699.99279,700.00721
GOOG,02.01.2014 00:29:16.109,699.99280,700.00720
GOOG,02.01.2014 00:29:17.504,699.99279,700.00721
GOOG,02.01.2014 00:29:19.012,699.99282,700.00718
GOOG,02.01.2014 00:29:20.565,699.99283,700.00717
GOOG,02.01.2014 00:29:21.876,699.99280,700.00720
GOOG,02.01.2014 00:29:23.133,699.99282,700.00718
GOOG,02.01.2014 00:29:24.445,699.99282,700.00718
GOOG,02.01.2014 00:29:25.976,699.99280,700.00720
GOOG,02.01.2014 00:29:27.500,699.99280,700.00720
GOOG,02.01.2014 00:29:28.888,699.99280,700.00720
GOOG,02.01.2014 00:29:30.332,699.99280,700.00720
GOOG,02.01.2014 00:29:31.811,699.99279,700.00721
GOOG,02.01.2014 00:29:33.229,699.99280,700.00720
GOOG,02.01.2014 00:29:34.725,699.99281,700.00719
GOOG,02.01.2014 00:29:36.137,699.99282,700.00718
GOOG,02.01.2014 00:29:37.456,699.99285,700.00715
GOOG,02.01.2014 00:29:38.782,699.99285,700.00715
GOOG,02.01.2014 00:29:40.146,699.99283,700.00717
GOOG,02.01.2014 00:29:41.495,699.99283,700.00717
GOOG,02.01.2014 00:29:42.917,699.99283,700.00717
GOOG,02.01.2014 00:29:44.291,699.99283,700.00717
GOOG,02.01.2014 00:29:45.580,699.99281,700.00719
GOOG,02.01.2014 00:29:46.919,699.99281,700.00719
GOOG,02.01.2014 00:29:48.316,699.99278,700.00722
GOOG,02.01.2014 00:29:49.743,699.99276,700.00724
GOOG,02.01.2014 00:29:51.168,699.99275,700.00725
GOOG,02.01.2014 00:29:52.473,699.99274,700.00726
GOOG,02.01.2014 00:29:53.953,699.99276,700.00724
GOOG,02.01.2014 00:29:55.229,699.99273,700.00727
GOOG,02.01.2014 00:29:56.646,699.99272,700.00728
GOOG,02.01.2014 00:29:58.173,699.99272,700.00728
GOOG,02.01.2014 00:29:59.493,699.99273,700.00727
GOOG,02.01.2014 00:30:00.984,699.99276,700.00724
GOOG,02.01.2014 00:30:02.385,699.99276,700.00724
GOOG,02.01.2014 00:30:03.838,699.99275,700.00725
GOOG,02.01.2014 00:30:05.370,699.99275,700.00725
GOOG,02.01.2014 00:30:06.837,699.99277,700.00723
GOOG,02.01.2014 00:30:08.161,699.99275,700.00725
GOOG,02.01.2014 00:30:09.456,699.99271,700.00729
GOOG,02.01.2014 00:30:10.809,699.99271,700.00729
GOOG,02.01.2014 00:30:12.257,699.99273,700.00727
GOOG,02.01.2014 00:30:13.703,699.99271,700.00729
GOOG,02.01.2014 00:30:15.046,699.99272,700.00728
GOOG,02.01.2014 00:30:16.560,699.99274,700.00726
GOOG,02.01.2014 00:30:17.891,699.99273,700.00727
GOOG,02.01.2014 00:30:19.365,699.99271,700.00729
GOOG,02.01.2014 00:30:20.663,699.99272,700.00728
GOOG,02.01.2014 00:30:22.098,699.99271,700.00729
GOOG,02.01.2014 00:30:23.517,699.99269,700.00731
GOOG,02.01.2014 00:30:24.918,699.99269,700.00731
GOOG,02.01.2014 00:30:26.444,699.99271,700.00729
GOOG,02.01.2014 00:30:27.875,699.99270,700.00730
GOOG,02.01.2014 00:30:29.212,699.99270,700.00730
GOOG,02.01.2014 00:30:30.609,699.99271,700.00729
GOOG,02.01.2014 00:30:31.879,699.99272,700.00728
GOOG,02.01.2014 00:30:33.280,699.99273,700.00727
GOOG,02.01.2014 00:30:34.541,699.99271,700.00729
GOOG,02.01.2014 00:30:35.948,699.99271,700.00729
GOOG,02.01.2014 00:30:37.201,699.99269,700.00731
GOOG,02.01.2014 00:30:38.756,699.99269,700.00731
GOOG,02.01.2014 00:30:40.122,699.99269,700.00731
GOOG,02.01.2014 00:30:41.488,699.99270,700.00730
GOOG,02.01.2014 00:30:42.858,699.99269,700.00731
GOOG,02.01.2014 00:30:44.295,699.99265,700.00735
GOOG,02.01.2014 00:30:45.820,699.99268,700.00732
GOOG,02.01.2014 00:30:47.301,699.99264,700.00736
GOOG,02.01.2014 00:30:48.808,699.99265,700.00735
GOOG,02.01.2014 00:30:50.298,699.99265,700.00735
GOOG,02.01.2014 00:30:51.590,699.99265,700.00735
GOOG,02.01.2014 00:30:53.127,699.99263,700.00737
GOOG,02.01.2014 00:30:54.506,699.99264,700.00736
GOOG,02.01.2014 00:30:56.058,699.99262,700.00738
GOOG,02.01.2014 00:30:57.422,699.99263,700.00737
GOOG,02.01.2014 00:30:58.832,699.99264,700.00736
GOOG,02.01.2014 00:31:00.386,699.99264,700.00736
GOOG,02.01.2014 00:31:01.962,699.99266,700.00734
GOOG,02.01.2014 00:31:03.258,699.99266,700.00734
GOOG,02.01.2014 00:31:04.674,699.99266,700.00734
GOOG,02.01.2014 00:31:05.994,699.99266,700.00734
GOOG,02.01.2014 00:31:07.344,699.99269,700.00731
GOOG,02.01.2014 00:31:08.690,699.99269,700.00731
GOOG,02.01.2014 00:31:09.940,699.99268,700.00732
GOOG,02.01.2014 00:31:11.509,699.99268,700.00732
GOOG,02.01.2014 00:31:12.774,699.99268,700.00732
GOOG,02.01.2014 00:31:14.160,699.99268,700.00732
GOOG,02.01.2014 00:31:15.741,699.99270,700.00730
GOOG,02.01.2014 00:31:17.173,699.99269,700.00731
GOOG,02.01.2014 00:31:18.648,699.99267,700.00733
GOOG,02.01.2014 00:31:20.048,699.99267,700.00733
GOOG,02.01.2014 00:31:21.466,699.99267,700.00733
GOOG,02.01.2014 00:31:22.789,699.99266,700.00734
GOOG,02.01.2014 00:31:24.240,699.99267,700.00733
GOOG,02.01.2014 00:31:25.688,699.99269,700.00731
GOOG,02.01.2014 00:31:27.055,699.99269,700.00731
GOOG,02.01.2014 00:31:28.562,699.99268,700.00732
GOOG,02.01.2014 00:31:30.045,699.99268,700.00732
GOOG,02.01.2014 00:31:31.495,699.99268,700.00732
GOOG,02.01.2014 00:31:32.897,699.99267,700.00733
GOOG,02.01.2014 00:31:34.147,699.99267,700.00733
GOOG,02.01.2014 00:31:35.565,699.99266,700.00734
GOOG,02.01.2014 00:31:36.985,699.99266,700.00734
GOOG,02.01.2014 00:31:38.283,699.99266,700.00734
GOOG,02.01.2014 00:31:39.811,699.99263,700.00737
GOOG,02.01.2014 00:31:41.281,699.99265,700.00735
GOOG,02.01.2014 00:31:42.769,699.99264,700.00736
GOOG,02.01.2014 00:31:44.094,699.99264,700.00736
GOOG,02.01.2014 00:31:45.818,699.99262,700.00738
GOOG,02.01.2014 00:31:47.196,699.99264,700.00736
GOOG,02.01.2014 00:31:48.608,699.99263,700.00737
GOOG,02.01.2014 00:31:50.269,699.99261,700.00739
GOOG,02.01.2014 00:31:51.708,699.99259,700.00741
GOOG,02.01.2014 00:31:52.932,699.99261,700.00739
GOOG,02.01.2014 00:31:54.334,699.99261,700.00739
GOOG,02.01.2014 00:31:55.491,699.99258,700.00742
GOOG,02.01.2014 00:31:56.811,699.99260,700.00740
GOOG,02.01.2014 00:31:58.273,699.99256,700.00744
GOOG,02.01.2014 00:31:59.471,699.99255,700.00745
GOOG,02.01.2014 00:32:00.662,699.99255,700.00745
GOOG,02.01.2014 00:32:01.826,699.99256,700.00744
GOOG,02.01.2014 00:32:03.248,699.99254,700.00746
GOOG,02.01.2014 00:32:04.735,699.99253,700.00747
GOOG,02.01.2014 00:32:06.111,699.99254,700.00746
GOOG,02.01.2014 00:32:07.553,699.99254,700.00746
GOOG,02.01.2014 00:32:08.958,699.99254,700.00746
GOOG,02.01.2014 00:32:10.461,699.99254,700.00746
GOOG,02.01.2014 00:32:11.896,699.99254,700.00746
GOOG,02.01.2014 00:32:13.086,699.99254,700.00746
GOOG,02.01.2014 00:32:14.396,699.99254,700.00746
GOOG,02.01.2014 00:32:15.779,699.99253,700.00747
GOOG,02.01.2014 00:32:17.045,699.99251,700.00749
GOOG,02.01.2014 00:32:18.477,699.99251,700.00749
GOOG,02.01.2014 00:32:19.887,699.99249,700.00751
GOOG,02.01.2014 00:32:21.292,699.99249,700.00751
GOOG,02.01.2014 00:32:22.705,699.99248,700.00752
GOOG,02.01.2014 00:32:24.058,699.99248,700.00752
GOOG,02.01.2014 00:32:25.480,699.99247,700.00753
GOOG,02.01.2014 00:32:26.979,699.99246,700.00754
GOOG,02.01.2014 00:32:28.332,699.99245,700.00755
GOOG,02.01.2014 00:32:29.575,699.99247,700.00753
GOOG,02.01.2014 00:32:30.874,699.99248,700.00752
GOOG,02.01.2014 00:32:32.135,699.99247,700.00753
GOOG,02.01.2014 00:32:33.500,699.99249,700.00751
GOOG,02.01.2014 00:32:34.780,699.99249,700.00751
GOOG,02.01.2014 00:32:36.017,699.99249,700.00751
GOOG,02.01.2014 00:32:37.414,699.99249,700.00751
GOOG,02.01.2014 00:32:38.813,699.99251,700.00749
GOOG,02.01.2014 00:32:40.160,699.99253,700.00747
GOOG,02.01.2014 00:32:41.483,699.99254,700.00746
GOOG,02.01.2014 00:32:42.822,699.99254,700.00746
GOOG,02.01.2014 00:32:44.250,699.99255,700.00745
GOOG,02.01.2014 00:32:45.610,699.99256,700.00744
GOOG,02.01.2014 00:32:46.922,699.99255,700.00745
GOOG,02.01.2014 00:32:48.288,699.99256,700.00744
GOOG,02.01.2014 00:32:49.831,699.99258,700.00742
GOOG,02.01.2014 00:32:51.165,699.99256,700.00744
GOOG,02.01.2014 00:32:52.547,699.99256,700.00744
GOOG,02.01.2014 00:32:54.141,699.99251,700.00749
GOOG,02.01.2014 00:32:55.665,699.99252,700.00748
GOOG,02.01.2014 00:32:57.095,699.99255,700.00745
GOOG,02.01.2014 00:32:58.506,699.99254,700.00746
GOOG,02.01.2014 00:32:59.881,699.99254,700.00746
GOOG,02.01.2014 00:33:01.455,699.99255,700.00745
GOOG,02.01.2014 00:33:02.871,699.99254,700.00746
GOOG,02.01.2014 00:33:04.336,699.99254,700.00746
GOOG,02.01.2014 00:33:05.718,699.99253,700.00747
GOOG,02.01.2014 00:33:07.094,699.99253,700.00747
GOOG,02.01.2014 00:33:08.517,699.99254,700.00746
GOOG,02.01.2014 00:33:09.906,699.99252,700.00748
GOOG,02.01.2014 00:33:11.243,699.99254,700.00746
GOOG,02.01.2014 00:33:12.690,699.99253,700.00747
GOOG,02.01.2014 00:33:14.102,699.99254,700.00746
GOOG,02.01.2014 00:33:15.728,699.99253,700.00747
GOOG,02.01.2014 00:33:17.170,699.99255,700.00745
GOOG,02.01.2014 00:33:18.527,699.99255,700.00745
GOOG,02.01.2014 00:33:19.988,699.99255,700.00745
GOOG,02.01.2014 00:33:21.579,699.99254,700.00746
GOOG,02.01.2014 00:33:22.920,699.99256,700.00744
GOOG,02.01.2014 00:33:24.239,699.99257,700.00743
GOOG,02.01.2014 00:33:25.636,699.99257,700.00743
GOOG,02.01.2014 00:33:27.191,699.99255,700.00745
GOOG,02.01.2014 00:33:28.709,699.99256,700.00744
GOOG,02.01.2014 00:33:30.145,699.99256,700.00744
GOOG,02.01.2014 00:33:31.430,699.99255,700.00745
GOOG,02.01.2014 00:33:32.941,699.99256,700.00744
GOOG,02.01.2014 00:33:34.461,699.99255,700.00745
GOOG,02.01.2014 00:33:35.838,699.99254,700.00746
GOOG,02.01.2014 00:33:37.389,699.99251,700.00749
GOOG,02.01.2014 00:33:38.807,699.99249,700.00751
GOOG,02.01.2014 00:33:40.367,699.99249,700.00751
GOOG,02.01.2014 00:33:41.819,699.99252,700.00748
GOOG,02.01.2014 00:33:43.147,699.99252,700.00748
GOOG,02.01.2014 00:33:44.392,699.99253,700.00747
GOOG,02.01.2014 00:33:45.920,699.99253,700.00747
GOOG,02.01.2014 00:33:47.452,699.99252,700.00748
GOOG,02.01.2014 00:33:48.713,699.99253,700.00747
GOOG,02.01.2014 00:33:50.115,699.99252,700.00748
GOOG,02.01.2014 00:33:51.547,699.99253,700.00747
GOOG,02.01.2014 00:33:52.920,699.99252,700.00748
GOOG,02.01.2014 00:33:54.174,699.99253,700.00747
GOOG,02.01.2014 00:33:55.619,699.99254,700.00746
GOOG,02.01.2014 00:33:57.056,699.99254,700.00746
GOOG,02.01.2014 00:33:58.264,699.99255,700.00745
GOOG,02.01.2014 00:33:59.755,699.99256,700.00744
GOOG,02.01.2014 00:34:01.290,699.99258,700.00742
GOOG,02.01.2014 00:34:02.865,699.99258,700.00742
GOOG,02.01.2014 00:34:04.341,699.99257,700.00743
GOOG,02.01.2014 00:34:05.897,699.99257,700.00743
GOOG,02.01.2014 00:34:07.365,699.99258,700.00742
GOOG,02.01.2014 00:34:08.746,699.99258,700.00742
GOOG,02.01.2014 00:34:10.098,699.99263,700.00737
GOOG,02.01.2014 00:34:11.481,699.99263,700.00737
GOOG,02.01.2014 00:34:12.726,699.99261,700.00739
GOOG,02.01.2014 00:34:14.047,699.99261,700.00739
GOOG,02.01.2014 00:34:15.525,699.99262,700.00738
GOOG,02.01.2014 00:34:16.937,699.99262,700.00738
GOOG,02.01.2014 00:34:18.362,699.99262,700.00738
GOOG,02.01.2014 00:34:19.749,699.99263,700.00737
GOOG,02.01.2014 00:34:21.274,699.99263,700.00737
GOOG,02.01.2014 00:34:22.635,699.99265,700.00735
GOOG,02.01.2014 00:34:24.138,699.99267,700.00733
GOOG,02.01.2014 00:34:25.584,699.99268,700.00732
GOOG,02.01.2014 00:34:27.049,699.99265,700.00735
GOOG,02.01.2014 00:34:28.350,699.99267,700.00733
GOOG,02.01.2014 00:34:29.790,699.99265,700.00735
GOOG,02.01.2014 00:34:31.159,699.99265,700.00735
GOOG,02.01.2014 00:34:32.419,699.99263,700.00737
GOOG,02.01.2014 00:34:33.825,699.99261,700.00739
GOOG,02.01.2014 00:34:35.255,699.99262,700.00738
GOOG,02.01.2014 00:34:36.756,699.99261,700.00739
GOOG,02.01.2014 00:34:38.025,699.99260,700.00740
GOOG,02.01.2014 00:34:39.565,699.99261,700.00739
GOOG,02.01.2014 00:34:40.956,699.99258,700.00742
GOOG,02.01.2014 00:34:42.323,699.99260,700.00740
GOOG,02.01.2014 00:34:43.664,699.99260,700.00740
GOOG,02.01.2014 00:34:45.178,699.99261,700.00739
GOOG,02.01.2014 00:34:46.656,699.99260,700.00740
GOOG,02.01.2014 00:34:48.063,699.99260,700.00740
GOOG,02.01.2014 00:34:49.237,699.99260,700.00740
GOOG,02.01.2014 00:34:50.753,699.99261,700.00739
GOOG,02.01.2014 00:34:52.272,699.99262,700.00738
GOOG,02.01.2014 00:34:53.664,699.99261,700.00739
GOOG,02.01.2014 00:34:55.201,699.99265,700.00735
GOOG,02.01.2014 00:34:56.670,699.99264,700.00736
GOOG,02.01.2014 00:34:58.130,699.99264,700.00736
GOOG,02.01.2014 00:34:59.498,699.99261,700.00739
GOOG,02.01.2014 00:35:00.837,699.99261,700.00739
GOOG,02.01.2014 00:35:02.442,699.99259,700.00741
GOOG,02.01.2014 00:35:03.676,699.99261,700.00739
GOOG,02.01.2014 00:35:05.175,699.99261,700.00739
GOOG,02.01.2014 00:35:06.832,699.99260,700.00740
GOOG,02.01.2014 00:35:08.309,699.99260,700.00740
GOOG,02.01.2014 00:35:09.838,699.99256,700.00744
GOOG,02.01.2014 00:35:11.271,699.99253,700.00747
GOOG,02.01.2014 00:35:12.748,699.99253,700.00747
GOOG,02.01.2014 00:35:14.155,699.99255,700.00745
GOOG,02.01.2014 00:35:15.737,699.99254,700.00746
GOOG,02.01.2014 00:35:17.040,699.99255,700.00745
GOOG,02.01.2014 00:35:18.332,699.99254,700.00746
GOOG,02.01.2014 00:35:19.883,699.99255,700.00745
GOOG,02.01.2014 00:35:21.173,699.99258,700.00742
GOOG,02.01.2014 00:35:22.465,699.99260,700.00740
GOOG,02.01.2014 00:35:24.051,699.99263,700.00737
GOOG,02.01.2014 00:35:25.503,699.99262,700.00738
GOOG,02.01.2014 00:35:26.894,699.99263,700.00737
GOOG,02.01.2014 00:35:28.475,699.99262,700.00738
GOOG,02.01.2014 00:35:29.737,699.99263,700.00737
GOOG,02.01.2014 00:35:31.125,699.99264,700.00736
GOOG,02.01.2014 00:35:32.530,699.99262,700.00738
GOOG,02.01.2014 00:35:33.948,699.99261,700.00739
GOOG,02.01.2014 00:35:35.404,699.99260,700.00740
GOOG,02.01.2014 00:35:36.956,699.99261,700.00739
GOOG,02.01.2014 00:35:38.188,699.99260,700.00740
GOOG,02.01.2014 00:35:39.793,699.99260,700.00740
GOOG,02.01.2014 00:35:41.086,699.99259,700.00741
GOOG,02.01.2014 00:35:42.324,699.99259,700.00741
GOOG,02.01.2014 00:35:43.535,699.99260,700.00740
GOOG,02.01.2014 00:35:45.160,699.99263,700.00737
GOOG,02.01.2014 00:35:46.607,699.99261,700.00739
GOOG,02.01.2014 00:35:47.907,699.99259,700.00741
GOOG,02.01.2014 00:35:49.252,699.99259,700.00741
GOOG,02.01.2014 00:35:50.646,699.99258,700.00742
GOOG,02.01.2014 00:35:52.298,699.99259,700.00741
GOOG,02.01.2014 00:35:53.735,699.99257,700.00743
GOOG,02.01.2014 00:35:55.032,699.99258,700.00742
GOOG,02.01.2014 00:35:56.521,699.99259,700.00741
GOOG,02.01.2014 00:35:57.872,699.99263,700.00737
GOOG,02.01.2014 00:35:59.192,699.99266,700.00734
GOOG,02.01.2014 00:36:00.590,699.99270,700.00730
GOOG,02.01.2014 00:36:01.946,699.99269,700.00731
GOOG,02.01.2014 00:36:03.327,699.99268,700.00732
GOOG,02.01.2014 00:36:04.781,699.99271,700.00729
GOOG,02.01.2014 00:36:06.179,699.99274,700.00726
GOOG,02.01.2014 00:36:07.561,699.99276,700.00724
GOOG,02.01.2014 00:36:08.926,699.99276,700.00724
GOOG,02.01.2014 00:36:10.373,699.99276,700.00724
GOOG,02.01.2014 00:36:11.710,699.99280,700.00720
GOOG,02.01.2014 00:36:13.174,699.99282,700.00718
GOOG,02.01.2014 00:36:14.412,699.99283,700.00717
GOOG,02.01.2014 00:36:15.897,699.99284,700.00716
GOOG,02.01.2014 00:36:17.356,699.99285,700.00715
GOOG,02.01.2014 00:36:18.730,699.99282,700.00718
GOOG,02.01.2014 00:36:20.097,699.99284,700.00716
GOOG,02.01.2014 00:36:21.441,699.99283,700.00717
GOOG,02.01.2014 00:36:22.982,699.99288,700.00712
GOOG,02.01.2014 00:36:24.359,699.99289,700.00711
GOOG,02.01.2014 00:36:25.724,699.99290,700.00710
GOOG,02.01.2014 00:36:27.030,699.99292,700.00708
GOOG,02.01.2014 00:36:28.341,699.99292,700.00708
GOOG,02.01.2014 00:36:29.724,699.99292,700.00708
GOOG,02.01.2014 00:36:31.138,699.99291,700.00709
GOOG,02.01.2014 00:36:32.618,699.99293,700.00707
GOOG,02.01.2014 00:36:33.954,699.99294,700.00706
GOOG,02.01.2014 00:36:35.342,699.99293,700.00707
GOOG,02.01.2014 00:36:36.759,699.99291,700.00709
GOOG,02.01.2014 00:36:38.313,699.99292,700.00708
GOOG,02.01.2014 00:36:39.539,699.99290,700.00710
GOOG,02.01.2014 00:36:40.916,699.99290,700.00710
GOOG,02.01.2014 00:36:42.380,699.99291,700.00709
GOOG,02.01.2014 00:36:43.769,699.99291,700.00709
GOOG,02.01.2014 00:36:45.075,699.99292,700.00708
GOOG,02.01.2014 00:36:46.578,699.99290,700.00710
GOOG,02.01.2014 00:36:47.982,699.99290,700.00710
GOOG,02.01.2014 00:36:49.446,699.99291,700.00709
GOOG,02.01.2014 00:36:50.861,699.99288,700.00712
GOOG,02.01.2014 00:36:52.411,699.99290,700.00710
GOOG,02.01.2014 00:36:53.828,699.99292,700.00708
GOOG,02.01.2014 00:36:55.299,699.99294,700.00706
GOOG,02.01.2014 00:36:56.858,699.99296,700.00704
GOOG,02.01.2014 00:36:58.152,699.99298,700.00702
GOOG,02.01.2014 00:36:59.490,699.99297,700.00703
GOOG,02.01.2014 00:37:00.994,699.99299,700.00701
GOOG,02.01.2014 00:37:02.471,699.99299,700.00701
GOOG,02.01.2014 00:37:03.732,699.99298,700.00702
GOOG,02.01.2014 00:37:05.097,699.99299,700.00701
GOOG,02.01.2014 00:37:06.666,699.99297,700.00703
GOOG,02.01.2014 00:37:08.311,699.99298,700.00702
GOOG,02.01.2014 00:37:09.740,699.99300,700.00700
GOOG,02.01.2014 00:37:11.223,699.99301,700.00699
GOOG,02.01.2014 00:37:12.504,699.99302,700.00698
GOOG,02.01.2014 00:37:13.910,699.99298,700.00702
GOOG,02.01.2014 00:37:15.324,699.99298,700.00702
GOOG,02.01.2014 00:37:16.797,699.99298,700.00702
GOOG,02.01.2014 00:37:18.037,699.99297,700.00703
GOOG,02.01.2014 00:37:19.566,699.99298,700.00702
GOOG,02.01.2014 00:37:20.992,699.99297,700.00703
GOOG,02.01.2014 00:37:22.497,699.99298,700.00702
GOOG,02.01.2014 00:37:23.872,699.99298,700.00702
GOOG,02.01.2014 00:37:25.217,699.99299,700.00701
GOOG,02.01.2014 00:37:26.681,699.99298,700.00702
GOOG,02.01.2014 00:37:28.018,699.99298,700.00702
GOOG,02.01.2014 00:37:29.418,699.99297,700.00703
GOOG,02.01.2014 00:37:30.783,699.99298,700.00702
GOOG,02.01.2014 00:37:32.231,699.99300,700.00700
GOOG,02.01.2014 00:37:33.603,699.99305,700.00695
GOOG,02.01.2014 00:37:35.010,699.99305,700.00695
GOOG,02.01.2014 00:37:36.430,699.99309,700.00691
GOOG,02.01.2014 00:37:37.755,699.99308,700.00692
GOOG,02.01.2014 00:37:39.386,699.99307,700.00693
GOOG,02.01.2014 00:37:40.982,699.99304,700.00696
GOOG,02.01.2014 00:37:42.410,699.99302,700.00698
GOOG,02.01.2014 00:37:43.992,699.99302,700.00698
GOOG,02.01.2014 00:37:45.281,699.99301,700.00699
GOOG,02.01.2014 00:37:46.658,699.99302,700.00698
GOOG,02.01.2014 00:37:48.064,699.99303,700.00697
GOOG,02.01.2014 00:37:49.417,699.99304,700.00696
GOOG,02.01.2014 00:37:50.772,699.99305,700.00695
GOOG,02.01.2014 00:37:52.310,699.99307,700.00693
GOOG,02.01.2014 00:37:53.819,699.99303,700.00697
GOOG,02.01.2014 00:37:55.120,699.99303,700.00697
GOOG,02.01.2014 00:37:56.509,699.99306,700.00694
GOOG,02.01.2014 00:37:57.957,699.99306,700.00694
GOOG,02.01.2014 00:37:59.468,699.99305,700.00695
GOOG,02.01.2014 00:38:00.888,699.99306,700.00694
GOOG,02.01.2014 00:38:02.104,699.99305,700.00695
GOOG,02.01.2014 00:38:03.659,699.99308,700.00692
GOOG,02.01.2014 00:38:05.131,699.99308,700.00692
GOOG,02.01.2014 00:38:06.434,699.99306,700.00694
GOOG,02.01.2014 00:38:07.864,699.99305,700.00695
GOOG,02.01.2014 00:38:09.113,699.99303,700.00697
GOOG,02.01.2014 00:38:10.443,699.99302,700.00698
GOOG,02.01.2014 00:38:11.941,699.99302,700.00698
GOOG,02.01.2014 00:38:13.427,699.99300,700.00700
GOOG,02.01.2014 00:38:15.061,699.99302,700.00698
GOOG,02.01.2014 00:38:16.462,699.99300,700.00700
GOOG,02.01.2014 00:38:17.858,699.99303,700.00697
GOOG,02.01.2014 00:38:19.402,699.99303,700.00697
GOOG,02.01.2014 00:38:20.701,699.99303,700.00697
GOOG,02.01.2014 00:38:22.155,699.99304,700.00696
GOOG,02.01.2014 00:38:23.543,699.99303,700.00697
GOOG,02.01.2014 00:38:24.849,699.99302,700.00698
GOOG,02.01.2014 00:38:26.419,699.99305,700.00695
GOOG,02.01.2014 00:38:27.839,699.99305,700.00695
GOOG,02.01.2014 00:38:29.254,699.99303,700.00697
GOOG,02.01.2014 00:38:30.687,699.99302,700.00698
GOOG,02.01.2014 00:38:32.171,699.99303,700.00697
GOOG,02.01.2014 00:38:33.421,699.99305,700.00695
GOOG,02.01.2014 00:38:34.987,699.99306,700.00694
GOOG,02.01.2014 00:38:36.401,699.99305,700.00695
GOOG,02.01.2014 00:38:37.792,699.99303,700.00697
GOOG,02.01.2014 00:38:39.258,699.99305,700.00695
GOOG,02.01.2014 00:38:40.542,699.99303,700.00697
GOOG,02.01.2014 00:38:41.989,699.99304,700.00696
GOOG,02.01.2014 00:38:43.495,699.99304,700.00696
GOOG,02.01.2014 00:38:44.924,699.99304,700.00696
GOOG,02.01.2014 00:38:46.282,699.99305,700.00695
GOOG,02.01.2014 00:38:47.824,699.99302,700.00698
GOOG,02.01.2014 00:38:49.144,699.99303,700.00697
GOOG,02.01.2014 00:38:50.614,699.99302,700.00698
GOOG,02.01.2014 00:38:52.172,699.99301,700.00699
GOOG,02.01.2014 00:38:53.599,699.99304,700.00696
GOOG,02.01.2014 00:38:54.818,699.99305,700.00695
GOOG,02.01.2014 00:38:56.176,699.99305,700.00695
GOOG,02.01.2014 00:38:57.668,699.99305,700.00695
GOOG,02.01.2014 00:38:59.017,699.99304,700.00696
GOOG,02.01.2014 00:39:00.385,699.99303,700.00697
GOOG,02.01.2014 00:39:01.683,699.99303,700.00697
GOOG,02.01.2014 00:39:03.031,699.99301,700.00699
GOOG,02.01.2014 00:39:04.408,699.99301,700.00699
GOOG,02.01.2014 00:39:05.735,699.99300,700.00700
GOOG,02.01.2014 00:39:07.164,699.99297,700.00703
GOOG,02.01.2014 00:39:08.587,699.99299,700.00701
GOOG,02.01.2014 00:39:10.074,699.99297,700.00703
GOOG,02.01.2014 00:39:11.443,699.99299,700.00701
GOOG,02.01.2014 00:39:13.029,699.99299,700.00701
GOOG,02.01.2014 00:39:14.535,699.99300,700.00700
GOOG,02.01.2014 00:39:15.965,699.99300,700.00700
GOOG,02.01.2014 00:39:17.349,699.99300,700.00700
GOOG,02.01.2014 00:39:18.490,699.99299,700.00701
GOOG,02.01.2014 00:39:19.977,699.99300,700.00700
GOOG,02.01.2014 00:39:21.424,699.99297,700.00703
GOOG,02.01.2014 00:39:22.778,699.99297,700.00703
GOOG,02.01.2014 00:39:24.121,699.99299,700.00701
GOOG,02.01.2014 00:39:25.490,699.99300,700.00700
GOOG,02.01.2014 00:39:26.938,699.99298,700.00702
GOOG,02.01.2014 00:39:28.368,699.99299,700.00701
GOOG,02.01.2014 00:39:29.707,699.99297,700.00703
GOOG,02.01.2014 00:39:31.214,699.99297,700.00703
GOOG,02.01.2014 00:39:32.642,699.99297,700.00703
GOOG,02.01.2014 00:39:33.972,699.99297,700.00703
GOOG,02.01.2014 00:39:35.290,699.99295,700.00705
GOOG,02.01.2014 00:39:36.590,699.99295,700.00705
GOOG,02.01.2014 00:39:38.052,699.99295,700.00705
GOOG,02.01.2014 00:39:39.439,699.99293,700.00707
GOOG,02.01.2014 00:39:40.875,699.99294,700.00706
GOOG,02.01.2014 00:39:42.233,699.99295,700.00705
GOOG,02.01.2014 00:39:43.563,699.99296,700.00704
GOOG,02.01.2014 00:39:44.919,699.99297,700.00703
GOOG,02.01.2014 00:39:46.401,699.99295,700.00705
GOOG,02.01.2014 00:39:47.710,699.99294,700.00706
GOOG,02.01.2014 00:39:49.049,699.99296,700.00704
GOOG,02.01.2014 00:39:50.344,699.99295,700.00705
GOOG,02.01.2014 00:39:51.863,699.99296,700.00704
GOOG,02.01.2014 00:39:53.327,699.99296,700.00704
GOOG,02.01.2014 00:39:54.943,699.99300,700.00700
GOOG,02.01.2014 00:39:56.391,699.99299,700.00701
GOOG,02.01.2014 00:39:57.983,699.99298,700.00702
GOOG,02.01.2014 00:39:59.202,699.99298,700.00702
GOOG,02.01.2014 00:40:00.651,699.99299,700.00701
GOOG,02.01.2014 00:40:02.035,699.99300,700.00700
GOOG,02.01.2014 00:40:03.385,699.99300,700.00700
GOOG,02.01.2014 00:40:04.777,699.99299,700.00701
GOOG,02.01.2014 00:40:06.113,699.99299,700.00701
GOOG,02.01.2014 00:40:07.586,699.99298,700.00702
GOOG,02.01.2014 00:40:08.820,699.99299,700.00701
GOOG,02.01.2014 00:40:10.158,699.99300,700.00700
GOOG,02.01.2014 00:40:11.538,699.99302,700.00698
GOOG,02.01.2014 00:40:12.685,699.99303,700.00697
GOOG,02.01.2014 00:40:14.175,699.99303,700.00697
GOOG,02.01.2014 00:40:15.528,699.99303,700.00697
GOOG,02.01.2014 00:40:16.935,699.99299,700.00701
GOOG,02.01.2014 00:40:18.411,699.99299,700.00701
GOOG,02.01.2014 00:40:19.902,699.99298,700.00702
GOOG,02.01.2014 00:40:21.274,699.99296,700.00704
GOOG,02.01.2014 00:40:22.796,699.99297,700.00703
GOOG,02.01.2014 00:40:24.077,699.99296,700.00704
GOOG,02.01.2014 00:40:25.458,699.99295,700.00705
GOOG,02.01.2014 00:40:26.928,699.99293,700.00707
GOOG,02.01.2014 00:40:28.288,699.99293,700.00707
GOOG,02.01.2014 00:40:29.725,699.99295,700.00705
GOOG,02.01.2014 00:40:31.083,699.99294,700.00706
GOOG,02.01.2014 00:40:32.490,699.99293,700.00707
GOOG,02.01.2014 00:40:33.838,699.99290,700.00710
GOOG,02.01.2014 00:40:35.244,699.99291,700.00709
GOOG,02.01.2014 00:40:36.734,699.99293,700.00707
GOOG,02.01.2014 00:40:38.086,699.99293,700.00707
GOOG,02.01.2014 00:40:39.534,699.99296,700.00704
GOOG,02.01.2014 00:40:40.854,699.99296,700.00704
GOOG,02.01.2014 00:40:42.244,699.99295,700.00705
GOOG,02.01.2014 00:40:43.610,699.99297,700.00703
GOOG,02.01.2014 00:40:45.064,699.99299,700.00701
GOOG,02.01.2014 00:40:46.412,699.99300,700.00700
GOOG,02.01.2014 00:40:47.764,699.99303,700.00697
GOOG,02.01.2014 00:40:49.120,699.99302,700.00698
GOOG,02.01.2014 00:40:50.498,699.99305,700.00695
GOOG,02.01.2014 00:40:51.749,699.99307,700.00693
GOOG,02.01.2014 00:40:53.124,699.99310,700.00690
GOOG,02.01.2014 00:40:54.570,699.99307,700.00693
GOOG,02.01.2014 00:40:56.080,699.99306,700.00694
GOOG,02.01.2014 00:40:57.570,699.99304,700.00696
GOOG,02.01.2014 00:40:59.027,699.99306,700.00694
GOOG,02.01.2014 00:41:00.556,699.99305,700.00695
GOOG,02.01.2014 00:41:01.909,699.99304,700.00696
GOOG,02.01.2014 00:41:03.273,699.99305,700.00695
GOOG,02.01.2014 00:41:04.856,699.99309,700.00691
GOOG,02.01.2014 00:41:06.238,699.99310,700.00690
GOOG,02.01.2014 00:41:07.550,699.99312,700.00688
GOOG,02.01.2014 00:41:08.932,699.99311,700.00689
GOOG,02.01.2014 00:41:10.384,699.99311,700.00689
GOOG,02.01.2014 00:41:11.755,699.99312,700.00688
GOOG,02.01.2014 00:41:13.156,699.99311,700.00689
GOOG,02.01.2014 00:41:14.521,699.99312,700.00688
GOOG,02.01.2014 00:41:16.077,699.99314,700.00686
GOOG,02.01.2014 00:41:17.566,699.99316,700.00684
GOOG,02.01.2014 00:41:18.901,699.99314,700.00686
GOOG,02.01.2014 00:41:20.327,699.99315,700.00685
GOOG,02.01.2014 00:41:21.882,699.99317,700.00683
GOOG,02.01.2014 00:41:23.336,699.99315,700.00685
GOOG,02.01.2014 00:41:24.739,699.99315,700.00685
GOOG,02.01.2014 00:41:26.162,699.99317,700.00683
GOOG,02.01.2014 00:41:27.493,699.99315,700.00685
GOOG,02.01.2014 00:41:28.812,699.99316,700.00684
GOOG,02.01.2014 00:41:30.086,699.99317,700.00683
GOOG,02.01.2014 00:41:31.546,699.99319,700.00681
GOOG,02.01.2014 00:41:32.768,699.99318,700.00682
GOOG,02.01.2014 00:41:34.168,699.99320,700.00680
GOOG,02.01.2014 00:41:35.620,699.99322,700.00678
GOOG,02.01.2014 00:41:36.998,699.99323,700.00677
GOOG,02.01.2014 00:41:38.214,699.99322,700.00678
GOOG,02.01.2014 00:41:39.541,699.99319,700.00681
GOOG,02.01.2014 00:41:40.951,699.99320,700.00680
GOOG,02.01.2014 00:41:42.242,699.99320,700.00680
GOOG,02.01.2014 00:41:43.692,699.99319,700.00681
GOOG,02.01.2014 00:41:45.151,699.99319,700.00681
GOOG,02.01.2014 00:41:46.604,699.99320,700.00680
GOOG,02.01.2014 00:41:48.154,699.99320,700.00680
GOOG,02.01.2014 00:41:49.608,699.99324,700.00676
GOOG,02.01.2014 00:41:51.057,699.99323,700.00677
GOOG,02.01.2014 00:41:52.650,699.99324,700.00676
GOOG,02.01.2014 00:41:54.214,699.99324,700.00676
GOOG,02.01.2014 00:41:55.766,699.99323,700.00677
GOOG,02.01.2014 00:41:57.110,699.99321,700.00679
GOOG,02.01.2014 00:41:58.475,699.99322,700.00678
GOOG,02.01.2014 00:41:59.902,699.99322,700.00678
GOOG,02.01.2014 00:42:01.357,699.99321,700.00679
GOOG,02.01.2014 00:42:02.814,699.99320,700.00680
GOOG,02.01.2014 00:42:04.090,699.99323,700.00677
GOOG,02.01.2014 00:42:05.518,699.99324,700.00676
GOOG,02.01.2014 00:42:06.838,699.99325,700.00675
GOOG,02.01.2014 00:42:08.265,699.99325,700.00675
GOOG,02.01.2014 00:42:09.737,699.99327,700.00673
GOOG,02.01.2014 00:42:11.321,699.99325,700.00675
GOOG,02.01.2014 00:42:12.690,699.99322,700.00678
GOOG,02.01.2014 00:42:13.856,699.99320,700.00680
GOOG,02.01.2014 00:42:15.260,699.99318,700.00682
GOOG,02.01.2014 00:42:16.612,699.99320,700.00680
GOOG,02.01.2014 00:42:18.036,699.99321,700.00679
GOOG,02.01.2014 00:42:19.463,699.99320,700.00680
GOOG,02.01.2014 00:42:20.703,699.99319,700.00681
GOOG,02.01.2014 00:42:21.820,699.99315,700.00685
GOOG,02.01.2014 00:42:23.246,699.99316,700.00684
GOOG,02.01.2014 00:42:24.483,699.99315,700.00685
GOOG,02.01.2014 00:42:25.922,699.99316,700.00684
GOOG,02.01.2014 00:42:27.285,699.99315,700.00685
GOOG,02.01.2014 00:42:28.459,699.99316,700.00684
GOOG,02.01.2014 00:42:29.918,699.99317,700.00683
GOOG,02.01.2014 00:42:31.391,699.99319,700.00681
GOOG,02.01.2014 00:42:32.781,699.99320,700.00680
GOOG,02.01.2014 00:42:34.343,699.99320,700.00680
GOOG,02.01.2014 00:42:35.850,699.99320,700.00680
GOOG,02.01.2014 00:42:37.157,699.99319,700.00681
GOOG,02.01.2014 00:42:38.587,699.99322,700.00678
GOOG,02.01.2014 00:42:39.949,699.99322,700.00678
GOOG,02.01.2014 00:42:41.497,699.99320,700.00680
GOOG,02.01.2014 00:42:42.854,699.99322,700.00678
GOOG,02.01.2014 00:42:44.379,699.99321,700.00679
GOOG,02.01.2014 00:42:45.621,699.99324,700.00676
GOOG,02.01.2014 00:42:46.951,699.99321,700.00679
GOOG,02.01.2014 00:42:48.263,699.99323,700.00677
GOOG,02.01.2014 00:42:49.408,699.99323,700.00677
GOOG,02.01.2014 00:42:51.016,699.99321,700.00679
GOOG,02.01.2014 00:42:52.457,699.99322,700.00678
GOOG,02.01.2014 00:42:53.699,699.99321,700.00679
GOOG,02.01.2014 00:42:55.077,699.99320,700.00680
GOOG,02.01.2014 00:42:56.286,699.99320,700.00680
GOOG,02.01.2014 00:42:57.885,699.99321,700.00679
GOOG,02.01.2014 00:42:59.018,699.99319,700.00681
GOOG,02.01.2014 00:43:00.103,699.99318,700.00682
GOOG,02.01.2014 00:43:01.496,699.99314,700.00686
GOOG,02.01.2014 00:43:02.760,699.99313,700.00687
GOOG,02.01.2014 00:43:03.970,699.99311,700.00689
GOOG,02.01.2014 00:43:05.436,699.99310,700.00690
GOOG,02.01.2014 00:43:06.936,699.99313,700.00687
GOOG,02.01.2014 00:43:08.392,699.99310,700.00690
GOOG,02.01.2014 00:43:09.669,699.99308,700.00692
GOOG,02.01.2014 00:43:11.142,699.99309,700.00691
GOOG,02.01.2014 00:43:12.539,699.99305,700.00695
GOOG,02.01.2014 00:43:13.989,699.99302,700.00698
GOOG,02.01.2014 00:43:15.369,699.99301,700.00699
GOOG,02.01.2014 00:43:16.739,699.99300,700.00700
GOOG,02.01.2014 00:43:18.057,699.99302,700.00698
GOOG,02.01.2014 00:43:19.405,699.99299,700.00701
GOOG,02.01.2014 00:43:20.597,699.99299,700.00701
GOOG,02.01.2014 00:43:21.986,699.99299,700.00701
GOOG,02.01.2014 00:43:23.291,699.99297,700.00703
GOOG,02.01.2014 00:43:24.685,699.99294,700.00706
GOOG,02.01.2014 00:43:25.972,699.99292,700.00708
GOOG,02.01.2014 00:43:27.376,699.99293,700.00707
GOOG,02.01.2014 00:43:28.632,699.99290,700.00710
GOOG,02.01.2014 00:43:29.957,699.99289,700.00711
GOOG,02.01.2014 00:43:31.296,699.99287,700.00713
GOOG,02.01.2014 00:43:32.600,699.99285,700.00715
GOOG,02.01.2014 00:43:33.901,699.99285,700.00715
GOOG,02.01.2014 00:43:35.312,699.99285,700.00715
GOOG,02.01.2014 00:43:36.620,699.99286,700.00714
GOOG,02.01.2014 00:43:38.044,699.99287,700.00713
GOOG,02.01.2014 00:43:39.364,699.99289,700.00711
GOOG,02.01.2014 00:43:40.766,699.99286,700.00714
GOOG,02.01.2014 00:43:42.179,699.99287,700.00713
GOOG,02.01.2014 00:43:43.576,699.99286,700.00714
GOOG,02.01.2014 00:43:45.015,699.99285,700.00715
GOOG,02.01.2014 00:43:46.256,699.99284,700.00716
GOOG,02.01.2014 00:43:47.711,699.99286,700.00714
GOOG,02.01.2014 00:43:49.337,699.99289,700.00711
GOOG,02.01.2014 00:43:50.885,699.99290,700.00710
GOOG,02.01.2014 00:43:52.260,699.99289,700.00711
GOOG,02.01.2014 00:43:53.487,699.99285,700.00715
GOOG,02.01.2014 00:43:54.910,699.99287,700.00713
GOOG,02.01.2014 00:43:56.279,699.99288,700.00712
GOOG,02.01.2014 00:43:57.695,699.99289,700.00711
GOOG,02.01.2014 00:43:59.211,699.99287,700.00713
GOOG,02.01.2014 00:44:00.811,699.99286,700.00714
GOOG,02.01.2014 00:44:02.330,699.99283,700.00717
GOOG,02.01.2014 00:44:03.548,699.99280,700.00720
GOOG,02.01.2014 00:44:05.025,699.99281,700.00719
GOOG,02.01.2014 00:44:06.407,699.99282,700.00718
GOOG,02.01.2014 00:44:07.684,699.99280,700.00720
GOOG,02.01.2014 00:44:09.287,699.99283,700.00717
GOOG,02.01.2014 00:44:10.868,699.99284,700.00716
GOOG,02.01.2014 00:44:12.326,699.99285,700.00715
GOOG,02.01.2014 00:44:13.718,699.99283,700.00717
GOOG,02.01.2014 00:44:14.989,699.99282,700.00718
GOOG,02.01.2014 00:44:16.493,699.99283,700.00717
GOOG,02.01.2014 00:44:17.783,699.99283,700.00717
GOOG,02.01.2014 00:44:19.360,699.99282,700.00718
GOOG,02.01.2014 00:44:20.878,699.99285,700.00715
GOOG,02.01.2014 00:44:22.236,699.99286,700.00714
GOOG,02.01.2014 00:44:23.516,699.99287,700.00713
GOOG,02.01.2014 00:44:24.938,699.99288,700.00712
GOOG,02.01.2014 00:44:26.297,699.99286,700.00714
GOOG,02.01.2014 00:44:27.636,699.99285,700.00715
GOOG,02.01.2014 00:44:29.009,699.99286,700.00714
GOOG,02.01.2014 00:44:30.546,699.99286,700.00714
GOOG,02.01.2014 00:44:31.671,699.99289,700.00711
GOOG,02.01.2014 00:44:32.989,699.99289,700.00711
GOOG,02.01.2014 00:44:34.416,699.99289,700.00711
GOOG,02.01.2014 00:44:35.719,699.99289,700.00711
GOOG,02.01.2014 00:44:37.080,699.99290,700.00710
GOOG,02.01.2014 00:44:38.419,699.99286,700.00714
GOOG,02.01.2014 00:44:39.694,699.99287,700.00713
GOOG,02.01.2014 00:44:41.070,699.99285,700.00715
GOOG,02.01.2014 00:44:42.456,699.99285,700.00715
GOOG,02.01.2014 00:44:44.058,699.99284,700.00716
GOOG,02.01.2014 00:44:45.354,699.99282,700.00718
GOOG,02.01.2014 00:44:46.756,699.99283,700.00717
GOOG,02.01.2014 00:44:48.049,699.99283,700.00717
GOOG,02.01.2014 00:44:49.355,699.99283,700.00717
GOOG,02.01.2014 00:44:50.725,699.99281,700.00719
GOOG,02.01.2014 00:44:51.980,699.99282,700.00718
GOOG,02.01.2014 00:44:53.440,699.99283,700.00717
GOOG,02.01.2014 00:44:54.755,699.99283,700.00717
GOOG,02.01.2014 00:44:56.115,699.99285,700.00715
GOOG,02.01.2014 00:44:57.287,699.99284,700.00716
GOOG,02.01.2014 00:44:58.749,699.99281,700.00719
GOOG,02.01.2014 00:44:59.987,699.99278,700.00722
GOOG,02.01.2014 00:45:01.373,699.99281,700.00719
GOOG,02.01.2014 00:45:02.846,699.99282,700.00718
GOOG,02.01.2014 00:45:04.393,699.99284,700.00716
GOOG,02.01.2014 00:45:05.892,699.99287,700.00713
GOOG,02.01.2014 00:45:07.263,699.99286,700.00714
GOOG,02.01.2014 00:45:08.793,699.99290,700.00710
GOOG,02.01.2014 00:45:10.229,699.99288,700.00712
GOOG,02.01.2014 00:45:11.571,699.99289,700.00711
GOOG,02.01.2014 00:45:12.731,699.99289,700.00711
GOOG,02.01.2014 00:45:14.112,699.99290,700.00710
GOOG,02.01.2014 00:45:15.459,699.99291,700.00709
GOOG,02.01.2014 00:45:16.892,699.99291,700.00709
GOOG,02.01.2014 00:45:18.331,699.99291,700.00709
GOOG,02.01.2014 00:45:19.804,699.99289,700.00711
GOOG,02.01.2014 00:45:21.103,699.99290,700.00710
GOOG,02.01.2014 00:45:22.468,699.99292,700.00708
GOOG,02.01.2014 00:45:24.001,699.99291,700.00709
GOOG,02.01.2014 00:45:25.325,699.99291,700.00709
GOOG,02.01.2014 00:45:26.712,699.99291,700.00709
GOOG,02.01.2014 00:45:28.105,699.99291,700.00709
GOOG,02.01.2014 00:45:29.599,699.99292,700.00708
GOOG,02.01.2014 00:45:30.969,699.99291,700.00709
GOOG,02.01.2014 00:45:32.422,699.99293,700.00707
GOOG,02.01.2014 00:45:33.729,699.99295,700.00705
GOOG,02.01.2014 00:45:35.097,699.99294,700.00706
GOOG,02.01.2014 00:45:36.551,699.99294,700.00706
GOOG,02.01.2014 00:45:37.785,699.99292,700.00708
GOOG,02.01.2014 00:45:39.140,699.99293,700.00707
GOOG,02.01.2014 00:45:40.502,699.99295,700.00705
GOOG,02.01.2014 00:45:42.052,699.99292,700.00708
GOOG,02.01.2014 00:45:43.433,699.99295,700.00705
GOOG,02.01.2014 00:45:44.939,699.99294,700.00706
GOOG,02.01.2014 00:45:46.321,699.99289,700.00711
GOOG,02.01.2014 00:45:47.815,699.99291,700.00709
GOOG,02.01.2014 00:45:49.045,699.99292,700.00708
GOOG,02.01.2014 00:45:50.653,699.99292,700.00708
GOOG,02.01.2014 00:45:52.045,699.99294,700.00706
GOOG,02.01.2014 00:45:53.395,699.99294,700.00706
GOOG,02.01.2014 00:45:54.813,699.99295,700.00705
GOOG,02.01.2014 00:45:56.194,699.99296,700.00704
GOOG,02.01.2014 00:45:57.666,699.99294,700.00706
GOOG,02.01.2014 00:45:59.202,699.99296,700.00704
GOOG,02.01.2014 00:46:00.456,699.99296,700.00704
GOOG,02.01.2014 00:46:01.949,699.99296,700.00704
GOOG,02.01.2014 00:46:03.294,699.99295,700.00705
GOOG,02.01.2014 00:46:04.948,699.99298,700.00702
GOOG,02.01.2014 00:46:06.481,699.99298,700.00702
GOOG,02.01.2014 00:46:07.813,699.99297,700.00703
GOOG,02.01.2014 00:46:09.188,699.99299,700.00701
GOOG,02.01.2014 00:46:10.585,699.99299,700.00701
GOOG,02.01.2014 00:46:11.981,699.99299,700.00701
GOOG,02.01.2014 00:46:13.342,699.99297,700.00703
GOOG,02.01.2014 00:46:14.768,699.99300,700.00700
GOOG,02.01.2014 00:46:15.991,699.99298,700.00702
GOOG,02.01.2014 00:46:17.474,699.99297,700.00703
GOOG,02.01.2014 00:46:18.824,699.99297,700.00703
GOOG,02.01.2014 00:46:20.324,699.99296,700.00704
GOOG,02.01.2014 00:46:21.789,699.99293,700.00707
GOOG,02.01.2014 00:46:23.066,699.99293,700.00707
GOOG,02.01.2014 00:46:24.572,699.99295,700.00705
GOOG,02.01.2014 00:46:25.955,699.99298,700.00702
GOOG,02.01.2014 00:46:27.554,699.99299,700.00701
GOOG,02.01.2014 00:46:28.943,699.99300,700.00700
GOOG,02.01.2014 00:46:30.357,699.99299,700.00701
GOOG,02.01.2014 00:46:31.575,699.99302,700.00698
GOOG,02.01.2014 00:46:33.080,699.99300,700.00700
GOOG,02.01.2014 00:46:34.550,699.99303,700.00697
GOOG,02.01.2014 00:46:36.058,699.99305,700.00695
GOOG,02.01.2014 00:46:37.417,699.99307,700.00693
GOOG,02.01.2014 00:46:39.112,699.99306,700.00694
GOOG,02.01.2014 00:46:40.506,699.99306,700.00694
GOOG,02.01.2014 00:46:41.971,699.99307,700.00693
GOOG,02.01.2014 00:46:43.501,699.99308,700.00692
GOOG,02.01.2014 00:46:44.659,699.99309,700.00691
GOOG,02.01.2014 00:46:46.255,699.99308,700.00692
GOOG,02.01.2014 00:46:47.616,699.99307,700.00693
GOOG,02.01.2014 00:46:48.872,699.99305,700.00695
GOOG,02.01.2014 00:46:50.418,699.99307,700.00693
GOOG,02.01.2014 00:46:51.882,699.99305,700.00695
GOOG,02.01.2014 00:46:53.073,699.99306,700.00694
GOOG,02.01.2014 00:46:54.449,699.99305,700.00695
GOOG,02.01.2014 00:46:55.878,699.99305,700.00695
GOOG,02.01.2014 00:46:57.277,699.99306,700.00694
GOOG,02.01.2014 00:46:58.516,699.99306,700.00694
GOOG,02.01.2014 00:46:59.894,699.99306,700.00694
GOOG,02.01.2014 00:47:01.269,699.99305,700.00695
GOOG,02.01.2014 00:47:02.541,699.99305,700.00695
GOOG,02.01.2014 00:47:03.797,699.99304,700.00696
GOOG,02.01.2014 00:47:05.230,699.99306,700.00694
GOOG,02.01.2014 00:47:06.736,699.99305,700.00695
GOOG,02.01.2014 00:47:08.087,699.99306,700.00694
GOOG,02.01.2014 00:47:09.477,699.99308,700.00692
GOOG,02.01.2014 00:47:10.830,699.99306,700.00694
GOOG,02.01.2014 00:47:12.352,699.99303,700.00697
GOOG,02.01.2014 00:47:13.823,699.99303,700.00697
GOOG,02.01.2014 00:47:15.173,699.99304,700.00696
GOOG,02.01.2014 00:47:16.556,699.99303,700.00697
GOOG,02.01.2014 00:47:17.954,699.99304,700.00696
GOOG,02.01.2014 00:47:19.560,699.99307,700.00693
GOOG,02.01.2014 00:47:21.012,699.99310,700.00690
GOOG,02.01.2014 00:47:22.373,699.99312,700.00688
GOOG,02.01.2014 00:47:23.759,699.99312,700.00688
GOOG,02.01.2014 00:47:25.052,699.99313,700.00687
GOOG,02.01.2014 00:47:26.361,699.99309,700.00691
GOOG,02.01.2014 00:47:27.630,699.99309,700.00691
GOOG,02.01.2014 00:47:28.818,699.99309,700.00691
GOOG,02.01.2014 00:47:30.344,699.99307,700.00693
GOOG,02.01.2014 00:47:31.739,699.99306,700.00694
GOOG,02.01.2014 00:47:33.133,699.99306,700.00694
GOOG,02.01.2014 00:47:34.398,699.99308,700.00692
GOOG,02.01.2014 00:47:35.779,699.99306,700.00694
GOOG,02.01.2014 00:47:37.284,699.99308,700.00692
