Ticker,Time,Bid,Ask
GOOG,03.01.2014 00:00:01.922,699.99341,700.00659
GOOG,03.01.2014 00:00:03.245,699.99341,700.00659
GOOG,03.01.2014 00:00:04.695,699.99342,700.00658
GOOG,03.01.2014 00:00:06.214,699.99341,700.00659
GOOG,03.01.2014 00:00:07.540,699.99340,700.00660
GOOG,03.01.2014 00:00:08.815,699.99340,700.00660
GOOG,03.01.2014 00:00:10.100,699.99342,700.00658
GOOG,03.01.2014 00:00:11.365,699.99346,700.00654
GOOG,03.01.2014 00:00:12.853,699.99346,700.00654
GOOG,03.01.2014 00:00:13.999,699.99347,700.00653
GOOG,03.01.2014 00:00:15.290,699.99346,700.00654
GOOG,03.01.2014 00:00:16.669,699.99346,700.00654
GOOG,03.01.2014 00:00:17.985,699.99347,700.00653
GOOG,03.01.2014 00:00:19.191,699.99348,700.00652
GOOG,03.01.2014 00:00:20.460,699.99348,700.00652
GOOG,03.01.2014 00:00:21.865,699.99348,700.00652
GOOG,03.01.2014 00:00:23.413,699.99349,700.00651
GOOG,03.01.2014 00:00:24.799,699.99349,700.00651
GOOG,03.01.2014 00:00:26.069,699.99349,700.00651
GOOG,03.01.2014 00:00:27.604,699.99350,700.00650
GOOG,03.01.2014 00:00:28.850,699.99348,700.00652
GOOG,03.01.2014 00:00:30.409,699.99344,700.00656
GOOG,03.01.2014 00:00:31.798,699.99346,700.00654
GOOG,03.01.2014 00:00:32.995,699.99347,700.00653
GOOG,03.01.2014 00:00:34.565,699.99345,700.00655
GOOG,03.01.2014 00:00:35.909,699.99346,700.00654
GOOG,03.01.2014 00:00:37.175,699.99343,700.00657
GOOG,03.01.2014 00:00:38.707,699.99340,700.00660
GOOG,03.01.2014 00:00:40.149,699.99339,700.00661
GOOG,03.01.2014 00:00:41.469,699.99337,700.00663
GOOG,03.01.2014 00:00:42.943,699.99336,700.00664
GOOG,03.01.2014 00:00:44.347,699.99335,700.00665
GOOG,03.01.2014 00:00:45.789,699.99336,700.00664
GOOG,03.01.2014 00:00:47.206,699.99335,700.00665
GOOG,03.01.2014 00:00:48.477,699.99335,700.00665
GOOG,03.01.2014 00:00:49.879,699.99337,700.00663
GOOG,03.01.2014 00:00:51.231,699.99337,700.00663
GOOG,03.01.2014 00:00:52.524,699.99336,700.00664
GOOG,03.01.2014 00:00:53.880,699.99334,700.00666
GOOG,03.01.2014 00:00:55.205,699.99333,700.00667
GOOG,03.01.2014 00:00:56.568,699.99334,700.00666
GOOG,03.01.2014 00:00:57.824,699.99332,700.00668
GOOG,03.01.2014 00:00:59.272,699.99337,700.00663
GOOG,03.01.2014 00:01:00.517,699.99337,700.00663
GOOG,03.01.2014 00:01:02.059,699.99342,700.00658
GOOG,03.01.2014 00:01:03.421,699.99339,700.00661
GOOG,03.01.2014 00:01:04.979,699.99340,700.00660
GOOG,03.01.2014 00:01:06.369,699.99340,700.00660
GOOG,03.01.2014 00:01:07.784,699.99342,700.00658
GOOG,03.01.2014 00:01:09.211,699.99342,700.00658
GOOG,03.01.2014 00:01:10.716,699.99345,700.00655
GOOG,03.01.2014 00:01:12.112,699.99346,700.00654
GOOG,03.01.2014 00:01:13.477,699.99345,700.00655
GOOG,03.01.2014 00:01:14.857,699.99344,700.00656
GOOG,03.01.2014 00:01:16.289,699.99345,700.00655
GOOG,03.01.2014 00:01:17.616,699.99349,700.00651
GOOG,03.01.2014 00:01:19.013,699.99349,700.00651
GOOG,03.01.2014 00:01:20.504,699.99350,700.00650
GOOG,03.01.2014 00:01:22.058,699.99350,700.00650
GOOG,03.01.2014 00:01:23.548,699.99351,700.00649
GOOG,03.01.2014 00:01:25.002,699.99353,700.00647
GOOG,03.01.2014 00:01:26.485,699.99354,700.00646
GOOG,03.01.2014 00:01:27.848,699.99354,700.00646
GOOG,03.01.2014 00:01:29.309,699.99353,700.00647
GOOG,03.01.2014 00:01:30.647,699.99352,700.00648
GOOG,03.01.2014 00:01:31.930,699.99352,700.00648
GOOG,03.01.2014 00:01:33.472,699.99350,700.00650
GOOG,03.01.2014 00:01:34.839,699.99349,700.00651
GOOG,03.01.2014 00:01:36.270,699.99347,700.00653
GOOG,03.01.2014 00:01:37.649,699.99345,700.00655
GOOG,03.01.2014 00:01:39.077,699.99343,700.00657
GOOG,03.01.2014 00:01:40.675,699.99345,700.00655
GOOG,03.01.2014 00:01:42.134,699.99343,700.00657
GOOG,03.01.2014 00:01:43.567,699.99344,700.00656
GOOG,03.01.2014 00:01:45.086,699.99343,700.00657
GOOG,03.01.2014 00:01:46.488,699.99343,700.00657
GOOG,03.01.2014 00:01:47.985,699.99340,700.00660
GOOG,03.01.2014 00:01:49.266,699.99339,700.00661
GOOG,03.01.2014 00:01:50.654,699.99339,700.00661
GOOG,03.01.2014 00:01:51.954,699.99336,700.00664
GOOG,03.01.2014 00:01:53.352,699.99338,700.00662
GOOG,03.01.2014 00:01:54.818,699.99337,700.00663
GOOG,03.01.2014 00:01:56.282,699.99338,700.00662
GOOG,03.01.2014 00:01:57.712,699.99339,700.00661
GOOG,03.01.2014 00:01:59.041,699.99337,700.00663
GOOG,03.01.2014 00:02:00.323,699.99338,700.00662
GOOG,03.01.2014 00:02:01.801,699.99338,700.00662
GOOG,03.01.2014 00:02:03.254,699.99336,700.00664
GOOG,03.01.2014 00:02:04.659,699.99338,700.00662
GOOG,03.01.2014 00:02:06.088,699.99337,700.00663
GOOG,03.01.2014 00:02:07.393,699.99336,700.00664
GOOG,03.01.2014 00:02:08.885,699.99336,700.00664
GOOG,03.01.2014 00:02:10.311,699.99335,700.00665
GOOG,03.01.2014 00:02:11.710,699.99338,700.00662
GOOG,03.01.2014 00:02:13.136,699.99338,700.00662
GOOG,03.01.2014 00:02:14.444,699.99340,700.00660
GOOG,03.01.2014 00:02:16.073,699.99339,700.00661
GOOG,03.01.2014 00:02:17.561,699.99339,700.00661
GOOG,03.01.2014 00:02:18.781,699.99340,700.00660
GOOG,03.01.2014 00:02:20.011,699.99340,700.00660
GOOG,03.01.2014 00:02:21.268,699.99340,700.00660
GOOG,03.01.2014 00:02:22.713,699.99340,700.00660
GOOG,03.01.2014 00:02:24.144,699.99338,700.00662
GOOG,03.01.2014 00:02:25.425,699.99336,700.00664
GOOG,03.01.2014 00:02:26.841,699.99335,700.00665
GOOG,03.01.2014 00:02:28.345,699.99334,700.00666
GOOG,03.01.2014 00:02:29.753,699.99335,700.00665
GOOG,03.01.2014 00:02:31.150,699.99335,700.00665
GOOG,03.01.2014 00:02:32.586,699.99335,700.00665
GOOG,03.01.2014 00:02:34.044,699.99333,700.00667
GOOG,03.01.2014 00:02:35.608,699.99330,700.00670
GOOG,03.01.2014 00:02:36.962,699.99328,700.00672
GOOG,03.01.2014 00:02:38.464,699.99328,700.00672
GOOG,03.01.2014 00:02:39.926,699.99326,700.00674
GOOG,03.01.2014 00:02:41.127,699.99324,700.00676
GOOG,03.01.2014 00:02:42.570,699.99324,700.00676
GOOG,03.01.2014 00:02:43.987,699.99326,700.00674
GOOG,03.01.2014 00:02:45.404,699.99325,700.00675
GOOG,03.01.2014 00:02:46.964,699.99325,700.00675
GOOG,03.01.2014 00:02:48.262,699.99323,700.00677
GOOG,03.01.2014 00:02:49.634,699.99324,700.00676
GOOG,03.01.2014 00:02:51.017,699.99327,700.00673
GOOG,03.01.2014 00:02:52.408,699.99326,700.00674
GOOG,03.01.2014 00:02:53.843,699.99326,700.00674
GOOG,03.01.2014 00:02:55.107,699.99325,700.00675
GOOG,03.01.2014 00:02:56.494,699.99325,700.00675
GOOG,03.01.2014 00:02:57.980,699.99326,700.00674
GOOG,03.01.2014 00:02:59.273,699.99327,700.00673
GOOG,03.01.2014 00:03:00.696,699.99325,700.00675
GOOG,03.01.2014 00:03:01.958,699.99326,700.00674
GOOG,03.01.2014 00:03:03.318,699.99327,700.00673
GOOG,03.01.2014 00:03:04.830,699.99329,700.00671
GOOG,03.01.2014 00:03:06.042,699.99330,700.00670
GOOG,03.01.2014 00:03:07.402,699.99331,700.00669
GOOG,03.01.2014 00:03:08.713,699.99331,700.00669
GOOG,03.01.2014 00:03:10.178,699.99332,700.00668
GOOG,03.01.2014 00:03:11.491,699.99334,700.00666
GOOG,03.01.2014 00:03:12.982,699.99334,700.00666
GOOG,03.01.2014 00:03:14.353,699.99332,700.00668
GOOG,03.01.2014 00:03:15.835,699.99333,700.00667
GOOG,03.01.2014 00:03:17.231,699.99333,700.00667
GOOG,03.01.2014 00:03:18.600,699.99335,700.00665
GOOG,03.01.2014 00:03:19.998,699.99338,700.00662
GOOG,03.01.2014 00:03:21.458,699.99340,700.00660
GOOG,03.01.2014 00:03:22.872,699.99341,700.00659
GOOG,03.01.2014 00:03:24.268,699.99343,700.00657
GOOG,03.01.2014 00:03:25.663,699.99341,700.00659
GOOG,03.01.2014 00:03:27.035,699.99341,700.00659
GOOG,03.01.2014 00:03:28.243,699.99339,700.00661
GOOG,03.01.2014 00:03:29.774,699.99337,700.00663
GOOG,03.01.2014 00:03:31.018,699.99338,700.00662
GOOG,03.01.2014 00:03:32.381,699.99338,700.00662
GOOG,03.01.2014 00:03:33.880,699.99342,700.00658
GOOG,03.01.2014 00:03:35.215,699.99344,700.00656
GOOG,03.01.2014 00:03:36.546,699.99342,700.00658
GOOG,03.01.2014 00:03:38.044,699.99343,700.00657
GOOG,03.01.2014 00:03:39.558,699.99344,700.00656
GOOG,03.01.2014 00:03:40.909,699.99343,700.00657
GOOG,03.01.2014 00:03:42.214,699.99341,700.00659
GOOG,03.01.2014 00:03:43.538,699.99339,700.00661
GOOG,03.01.2014 00:03:45.081,699.99343,700.00657
GOOG,03.01.2014 00:03:46.605,699.99343,700.00657
GOOG,03.01.2014 00:03:47.976,699.99345,700.00655
GOOG,03.01.2014 00:03:49.352,699.99346,700.00654
GOOG,03.01.2014 00:03:50.654,699.99344,700.00656
GOOG,03.01.2014 00:03:52.094,699.99345,700.00655
GOOG,03.01.2014 00:03:53.523,699.99346,700.00654
GOOG,03.01.2014 00:03:55.020,699.99345,700.00655
GOOG,03.01.2014 00:03:56.416,699.99345,700.00655
GOOG,03.01.2014 00:03:57.662,699.99346,700.00654
GOOG,03.01.2014 00:03:59.193,699.99348,700.00652
GOOG,03.01.2014 00:04:00.682,699.99346,700.00654
GOOG,03.01.2014 00:04:02.021,699.99342,700.00658
GOOG,03.01.2014 00:04:03.455,699.99342,700.00658
GOOG,03.01.2014 00:04:04.962,699.99345,700.00655
GOOG,03.01.2014 00:04:06.592,699.99345,700.00655
GOOG,03.01.2014 00:04:07.877,699.99342,700.00658
GOOG,03.01.2014 00:04:09.331,699.99342,700.00658
GOOG,03.01.2014 00:04:10.853,699.99345,700.00655
GOOG,03.01.2014 00:04:12.221,699.99343,700.00657
GOOG,03.01.2014 00:04:13.607,699.99343,700.00657
GOOG,03.01.2014 00:04:15.053,699.99347,700.00653
GOOG,03.01.2014 00:04:16.332,699.99345,700.00655
GOOG,03.01.2014 00:04:17.665,699.99347,700.00653
GOOG,03.01.2014 00:04:19.068,699.99348,700.00652
GOOG,03.01.2014 00:04:20.600,699.99347,700.00653
GOOG,03.01.2014 00:04:21.971,699.99348,700.00652
GOOG,03.01.2014 00:04:23.351,699.99349,700.00651
GOOG,03.01.2014 00:04:24.888,699.99348,700.00652
GOOG,03.01.2014 00:04:26.312,699.99349,700.00651
GOOG,03.01.2014 00:04:27.659,699.99349,700.00651
GOOG,03.01.2014 00:04:29.003,699.99350,700.00650
GOOG,03.01.2014 00:04:30.560,699.99351,700.00649
GOOG,03.01.2014 00:04:32.005,699.99351,700.00649
GOOG,03.01.2014 00:04:33.395,699.99350,700.00650
GOOG,03.01.2014 00:04:34.989,699.99348,700.00652
GOOG,03.01.2014 00:04:36.309,699.99347,700.00653
GOOG,03.01.2014 00:04:37.783,699.99346,700.00654
GOOG,03.01.2014 00:04:39.194,699.99345,700.00655
GOOG,03.01.2014 00:04:40.418,699.99345,700.00655
GOOG,03.01.2014 00:04:41.825,699.99347,700.00653
GOOG,03.01.2014 00:04:43.161,699.99345,700.00655
GOOG,03.01.2014 00:04:44.509,699.99345,700.00655
GOOG,03.01.2014 00:04:45.759,699.99347,700.00653
GOOG,03.01.2014 00:04:46.929,699.99348,700.00652
GOOG,03.01.2014 00:04:48.201,699.99349,700.00651
GOOG,03.01.2014 00:04:49.718,699.99349,700.00651
GOOG,03.01.2014 00:04:50.970,699.99351,700.00649
GOOG,03.01.2014 00:04:52.456,699.99350,700.00650
GOOG,03.01.2014 00:04:53.873,699.99349,700.00651
GOOG,03.01.2014 00:04:55.203,699.99350,700.00650
GOOG,03.01.2014 00:04:56.542,699.99348,700.00652
GOOG,03.01.2014 00:04:57.973,699.99348,700.00652
GOOG,03.01.2014 00:04:59.300,699.99349,700.00651
GOOG,03.01.2014 00:05:00.730,699.99348,700.00652
GOOG,03.01.2014 00:05:02.276,699.99347,700.00653
GOOG,03.01.2014 00:05:03.762,699.99347,700.00653
GOOG,03.01.2014 00:05:05.280,699.99349,700.00651
GOOG,03.01.2014 00:05:06.620,699.99349,700.00651
GOOG,03.01.2014 00:05:07.990,699.99349,700.00651
GOOG,03.01.2014 00:05:09.315,699.99347,700.00653
GOOG,03.01.2014 00:05:10.750,699.99345,700.00655
GOOG,03.01.2014 00:05:12.326,699.99344,700.00656
GOOG,03.01.2014 00:05:13.662,699.99344,700.00656
GOOG,03.01.2014 00:05:15.257,699.99345,700.00655
GOOG,03.01.2014 00:05:16.834,699.99344,700.00656
GOOG,03.01.2014 00:05:18.258,699.99344,700.00656
GOOG,03.01.2014 00:05:19.686,699.99341,700.00659
GOOG,03.01.2014 00:05:20.980,699.99341,700.00659
GOOG,03.01.2014 00:05:22.485,699.99340,700.00660
GOOG,03.01.2014 00:05:23.820,699.99341,700.00659
GOOG,03.01.2014 00:05:25.131,699.99343,700.00657
GOOG,03.01.2014 00:05:26.302,699.99340,700.00660
GOOG,03.01.2014 00:05:27.880,699.99339,700.00661
GOOG,03.01.2014 00:05:29.209,699.99337,700.00663
GOOG,03.01.2014 00:05:30.626,699.99340,700.00660
GOOG,03.01.2014 00:05:31.981,699.99342,700.00658
GOOG,03.01.2014 00:05:33.600,699.99341,700.00659
GOOG,03.01.2014 00:05:34.853,699.99342,700.00658
GOOG,03.01.2014 00:05:36.074,699.99341,700.00659
GOOG,03.01.2014 00:05:37.308,699.99341,700.00659
GOOG,03.01.2014 00:05:38.686,699.99341,700.00659
GOOG,03.01.2014 00:05:40.049,699.99344,700.00656
GOOG,03.01.2014 00:05:41.537,699.99344,700.00656
GOOG,03.01.2014 00:05:42.840,699.99343,700.00657
GOOG,03.01.2014 00:05:44.233,699.99346,700.00654
GOOG,03.01.2014 00:05:45.551,699.99347,700.00653
GOOG,03.01.2014 00:05:47.097,699.99347,700.00653
GOOG,03.01.2014 00:05:48.548,699.99346,700.00654
GOOG,03.01.2014 00:05:49.799,699.99344,700.00656
GOOG,03.01.2014 00:05:51.191,699.99344,700.00656
GOOG,03.01.2014 00:05:52.736,699.99347,700.00653
GOOG,03.01.2014 00:05:54.120,699.99344,700.00656
GOOG,03.01.2014 00:05:55.642,699.99343,700.00657
GOOG,03.01.2014 00:05:57.134,699.99343,700.00657
GOOG,03.01.2014 00:05:58.344,699.99342,700.00658
GOOG,03.01.2014 00:05:59.712,699.99343,700.00657
GOOG,03.01.2014 00:06:01.108,699.99347,700.00653
GOOG,03.01.2014 00:06:02.542,699.99346,700.00654
GOOG,03.01.2014 00:06:04.054,699.99345,700.00655
GOOG,03.01.2014 00:06:05.281,699.99343,700.00657
GOOG,03.01.2014 00:06:06.888,699.99347,700.00653
GOOG,03.01.2014 00:06:08.298,699.99346,700.00654
GOOG,03.01.2014 00:06:09.804,699.99348,700.00652
GOOG,03.01.2014 00:06:11.271,699.99348,700.00652
GOOG,03.01.2014 00:06:12.536,699.99347,700.00653
GOOG,03.01.2014 00:06:14.093,699.99346,700.00654
GOOG,03.01.2014 00:06:15.361,699.99346,700.00654
GOOG,03.01.2014 00:06:16.544,699.99347,700.00653
GOOG,03.01.2014 00:06:17.956,699.99347,700.00653
GOOG,03.01.2014 00:06:19.170,699.99347,700.00653
GOOG,03.01.2014 00:06:20.761,699.99347,700.00653
GOOG,03.01.2014 00:06:21.938,699.99347,700.00653
GOOG,03.01.2014 00:06:23.345,699.99345,700.00655
GOOG,03.01.2014 00:06:24.813,699.99348,700.00652
GOOG,03.01.2014 00:06:26.012,699.99347,700.00653
GOOG,03.01.2014 00:06:27.386,699.99347,700.00653
GOOG,03.01.2014 00:06:28.803,699.99347,700.00653
GOOG,03.01.2014 00:06:30.181,699.99348,700.00652
GOOG,03.01.2014 00:06:31.620,699.99346,700.00654
GOOG,03.01.2014 00:06:32.987,699.99350,700.00650
GOOG,03.01.2014 00:06:34.239,699.99348,700.00652
GOOG,03.01.2014 00:06:35.786,699.99348,700.00652
GOOG,03.01.2014 00:06:37.227,699.99348,700.00652
GOOG,03.01.2014 00:06:38.691,699.99348,700.00652
GOOG,03.01.2014 00:06:40.078,699.99351,700.00649
GOOG,03.01.2014 00:06:41.475,699.99352,700.00648
GOOG,03.01.2014 00:06:43.031,699.99356,700.00644
GOOG,03.01.2014 00:06:44.437,699.99355,700.00645
GOOG,03.01.2014 00:06:45.738,699.99355,700.00645
GOOG,03.01.2014 00:06:47.100,699.99352,700.00648
GOOG,03.01.2014 00:06:48.536,699.99353,700.00647
GOOG,03.01.2014 00:06:49.889,699.99352,700.00648
GOOG,03.01.2014 00:06:51.292,699.99353,700.00647
GOOG,03.01.2014 00:06:52.826,699.99352,700.00648
GOOG,03.01.2014 00:06:54.268,699.99355,700.00645
GOOG,03.01.2014 00:06:55.531,699.99354,700.00646
GOOG,03.01.2014 00:06:56.862,699.99356,700.00644
GOOG,03.01.2014 00:06:58.332,699.99354,700.00646
GOOG,03.01.2014 00:06:59.672,699.99354,700.00646
GOOG,03.01.2014 00:07:01.161,699.99354,700.00646
GOOG,03.01.2014 00:07:02.420,699.99354,700.00646
GOOG,03.01.2014 00:07:03.706,699.99355,700.00645
GOOG,03.01.2014 00:07:05.043,699.99357,700.00643
GOOG,03.01.2014 00:07:06.295,699.99358,700.00642
GOOG,03.01.2014 00:07:07.706,699.99358,700.00642
GOOG,03.01.2014 00:07:08.994,699.99357,700.00643
GOOG,03.01.2014 00:07:10.479,699.99359,700.00641
GOOG,03.01.2014 00:07:11.910,699.99356,700.00644
GOOG,03.01.2014 00:07:13.332,699.99356,700.00644
GOOG,03.01.2014 00:07:14.787,699.99356,700.00644
GOOG,03.01.2014 00:07:15.964,699.99357,700.00643
GOOG,03.01.2014 00:07:17.473,699.99354,700.00646
GOOG,03.01.2014 00:07:19.111,699.99355,700.00645
GOOG,03.01.2014 00:07:20.484,699.99356,700.00644
GOOG,03.01.2014 00:07:21.837,699.99352,700.00648
GOOG,03.01.2014 00:07:23.118,699.99351,700.00649
GOOG,03.01.2014 00:07:24.459,699.99348,700.00652
GOOG,03.01.2014 00:07:26.050,699.99348,700.00652
GOOG,03.01.2014 00:07:27.554,699.99346,700.00654
GOOG,03.01.2014 00:07:28.925,699.99346,700.00654
GOOG,03.01.2014 00:07:30.441,699.99346,700.00654
GOOG,03.01.2014 00:07:31.806,699.99346,700.00654
GOOG,03.01.2014 00:07:33.101,699.99345,700.00655
GOOG,03.01.2014 00:07:34.584,699.99342,700.00658
GOOG,03.01.2014 00:07:36.090,699.99338,700.00662
GOOG,03.01.2014 00:07:37.437,699.99339,700.00661
GOOG,03.01.2014 00:07:38.866,699.99336,700.00664
GOOG,03.01.2014 00:07:40.339,699.99335,700.00665
GOOG,03.01.2014 00:07:41.670,699.99335,700.00665
GOOG,03.01.2014 00:07:43.141,699.99338,700.00662
GOOG,03.01.2014 00:07:44.561,699.99339,700.00661
GOOG,03.01.2014 00:07:46.000,699.99342,700.00658
GOOG,03.01.2014 00:07:47.317,699.99344,700.00656
GOOG,03.01.2014 00:07:48.567,699.99344,700.00656
GOOG,03.01.2014 00:07:50.168,699.99346,700.00654
GOOG,03.01.2014 00:07:51.393,699.99344,700.00656
GOOG,03.01.2014 00:07:52.701,699.99341,700.00659
GOOG,03.01.2014 00:07:54.135,699.99344,700.00656
GOOG,03.01.2014 00:07:55.581,699.99342,700.00658
GOOG,03.01.2014 00:07:56.917,699.99343,700.00657
GOOG,03.01.2014 00:07:58.249,699.99340,700.00660
GOOG,03.01.2014 00:07:59.749,699.99339,700.00661
GOOG,03.01.2014 00:08:01.180,699.99341,700.00659
GOOG,03.01.2014 00:08:02.565,699.99341,700.00659
GOOG,03.01.2014 00:08:04.274,699.99342,700.00658
GOOG,03.01.2014 00:08:05.550,699.99342,700.00658
GOOG,03.01.2014 00:08:06.975,699.99342,700.00658
GOOG,03.01.2014 00:08:08.229,699.99343,700.00657
GOOG,03.01.2014 00:08:09.758,699.99345,700.00655
GOOG,03.01.2014 00:08:11.089,699.99344,700.00656
GOOG,03.01.2014 00:08:12.651,699.99345,700.00655
GOOG,03.01.2014 00:08:14.106,699.99347,700.00653
GOOG,03.01.2014 00:08:15.603,699.99346,700.00654
GOOG,03.01.2014 00:08:16.827,699.99346,700.00654
GOOG,03.01.2014 00:08:18.282,699.99349,700.00651
GOOG,03.01.2014 00:08:19.756,699.99347,700.00653
GOOG,03.01.2014 00:08:21.134,699.99347,700.00653
GOOG,03.01.2014 00:08:22.471,699.99350,700.00650
GOOG,03.01.2014 00:08:23.839,699.99349,700.00651
GOOG,03.01.2014 00:08:25.193,699.99350,700.00650
GOOG,03.01.2014 00:08:26.550,699.99349,700.00651
GOOG,03.01.2014 00:08:27.975,699.99351,700.00649
GOOG,03.01.2014 00:08:29.365,699.99351,700.00649
GOOG,03.01.2014 00:08:30.755,699.99351,700.00649
GOOG,03.01.2014 00:08:32.265,699.99356,700.00644
GOOG,03.01.2014 00:08:33.538,699.99360,700.00640
GOOG,03.01.2014 00:08:34.871,699.99362,700.00638
GOOG,03.01.2014 00:08:36.318,699.99363,700.00637
GOOG,03.01.2014 00:08:37.817,699.99362,700.00638
GOOG,03.01.2014 00:08:39.014,699.99363,700.00637
GOOG,03.01.2014 00:08:40.391,699.99362,700.00638
GOOG,03.01.2014 00:08:41.821,699.99363,700.00637
GOOG,03.01.2014 00:08:43.264,699.99366,700.00634
GOOG,03.01.2014 00:08:44.547,699.99367,700.00633
GOOG,03.01.2014 00:08:45.980,699.99369,700.00631
GOOG,03.01.2014 00:08:47.231,699.99369,700.00631
GOOG,03.01.2014 00:08:48.678,699.99368,700.00632
GOOG,03.01.2014 00:08:50.110,699.99368,700.00632
GOOG,03.01.2014 00:08:51.546,699.99369,700.00631
GOOG,03.01.2014 00:08:52.773,699.99371,700.00629
GOOG,03.01.2014 00:08:54.134,699.99373,700.00627
GOOG,03.01.2014 00:08:55.580,699.99377,700.00623
GOOG,03.01.2014 00:08:57.048,699.99377,700.00623
GOOG,03.01.2014 00:08:58.504,699.99378,700.00622
GOOG,03.01.2014 00:08:59.944,699.99377,700.00623
GOOG,03.01.2014 00:09:01.241,699.99379,700.00621
GOOG,03.01.2014 00:09:02.577,699.99379,700.00621
GOOG,03.01.2014 00:09:03.886,699.99380,700.00620
GOOG,03.01.2014 00:09:05.101,699.99383,700.00617
GOOG,03.01.2014 00:09:06.443,699.99381,700.00619
GOOG,03.01.2014 00:09:07.869,699.99382,700.00618
GOOG,03.01.2014 00:09:08.965,699.99382,700.00618
GOOG,03.01.2014 00:09:10.271,699.99380,700.00620
GOOG,03.01.2014 00:09:11.728,699.99380,700.00620
GOOG,03.01.2014 00:09:13.103,699.99378,700.00622
GOOG,03.01.2014 00:09:14.509,699.99382,700.00618
GOOG,03.01.2014 00:09:15.836,699.99381,700.00619
GOOG,03.01.2014 00:09:17.295,699.99381,700.00619
GOOG,03.01.2014 00:09:18.458,699.99381,700.00619
GOOG,03.01.2014 00:09:20.026,699.99380,700.00620
GOOG,03.01.2014 00:09:21.375,699.99377,700.00623
GOOG,03.01.2014 00:09:22.934,699.99379,700.00621
GOOG,03.01.2014 00:09:24.364,699.99379,700.00621
GOOG,03.01.2014 00:09:25.705,699.99375,700.00625
GOOG,03.01.2014 00:09:26.977,699.99374,700.00626
GOOG,03.01.2014 00:09:28.322,699.99374,700.00626
GOOG,03.01.2014 00:09:29.631,699.99376,700.00624
GOOG,03.01.2014 00:09:31.073,699.99377,700.00623
GOOG,03.01.2014 00:09:32.386,699.99375,700.00625
GOOG,03.01.2014 00:09:33.850,699.99379,700.00621
GOOG,03.01.2014 00:09:35.306,699.99376,700.00624
GOOG,03.01.2014 00:09:36.726,699.99379,700.00621
GOOG,03.01.2014 00:09:38.082,699.99382,700.00618
GOOG,03.01.2014 00:09:39.707,699.99381,700.00619
GOOG,03.01.2014 00:09:40.966,699.99381,700.00619
GOOG,03.01.2014 00:09:42.481,699.99380,700.00620
GOOG,03.01.2014 00:09:43.889,699.99380,700.00620
GOOG,03.01.2014 00:09:45.329,699.99380,700.00620
GOOG,03.01.2014 00:09:46.850,699.99381,700.00619
GOOG,03.01.2014 00:09:48.141,699.99379,700.00621
GOOG,03.01.2014 00:09:49.444,699.99378,700.00622
GOOG,03.01.2014 00:09:50.834,699.99377,700.00623
GOOG,03.01.2014 00:09:52.082,699.99378,700.00622
GOOG,03.01.2014 00:09:53.604,699.99381,700.00619
GOOG,03.01.2014 00:09:55.073,699.99381,700.00619
GOOG,03.01.2014 00:09:56.350,699.99380,700.00620
GOOG,03.01.2014 00:09:57.759,699.99378,700.00622
GOOG,03.01.2014 00:09:59.214,699.99380,700.00620
GOOG,03.01.2014 00:10:00.463,699.99380,700.00620
GOOG,03.01.2014 00:10:01.932,699.99382,700.00618
GOOG,03.01.2014 00:10:03.457,699.99381,700.00619
GOOG,03.01.2014 00:10:05.103,699.99380,700.00620
GOOG,03.01.2014 00:10:06.501,699.99377,700.00623
GOOG,03.01.2014 00:10:07.952,699.99376,700.00624
GOOG,03.01.2014 00:10:09.288,699.99376,700.00624
GOOG,03.01.2014 00:10:10.648,699.99374,700.00626
GOOG,03.01.2014 00:10:11.901,699.99374,700.00626
GOOG,03.01.2014 00:10:13.279,699.99371,700.00629
GOOG,03.01.2014 00:10:14.712,699.99371,700.00629
GOOG,03.01.2014 00:10:16.067,699.99372,700.00628
GOOG,03.01.2014 00:10:17.399,699.99372,700.00628
GOOG,03.01.2014 00:10:18.696,699.99374,700.00626
GOOG,03.01.2014 00:10:19.972,699.99372,700.00628
GOOG,03.01.2014 00:10:21.377,699.99375,700.00625
GOOG,03.01.2014 00:10:22.785,699.99377,700.00623
GOOG,03.01.2014 00:10:24.409,699.99377,700.00623
GOOG,03.01.2014 00:10:25.918,699.99381,700.00619
GOOG,03.01.2014 00:10:27.265,699.99384,700.00616
GOOG,03.01.2014 00:10:28.674,699.99386,700.00614
GOOG,03.01.2014 00:10:30.085,699.99387,700.00613
GOOG,03.01.2014 00:10:31.635,699.99389,700.00611
GOOG,03.01.2014 00:10:32.916,699.99388,700.00612
GOOG,03.01.2014 00:10:34.457,699.99387,700.00613
GOOG,03.01.2014 00:10:35.815,699.99384,700.00616
GOOG,03.01.2014 00:10:37.235,699.99385,700.00615
GOOG,03.01.2014 00:10:38.815,699.99384,700.00616
GOOG,03.01.2014 00:10:40.284,699.99383,700.00617
GOOG,03.01.2014 00:10:41.768,699.99380,700.00620
GOOG,03.01.2014 00:10:43.061,699.99382,700.00618
GOOG,03.01.2014 00:10:44.522,699.99382,700.00618
GOOG,03.01.2014 00:10:45.884,699.99382,700.00618
GOOG,03.01.2014 00:10:47.337,699.99381,700.00619
GOOG,03.01.2014 00:10:48.718,699.99381,700.00619
GOOG,03.01.2014 00:10:50.022,699.99381,700.00619
GOOG,03.01.2014 00:10:51.463,699.99383,700.00617
GOOG,03.01.2014 00:10:52.958,699.99382,700.00618
GOOG,03.01.2014 00:10:54.252,699.99382,700.00618
GOOG,03.01.2014 00:10:55.762,699.99384,700.00616
GOOG,03.01.2014 00:10:57.253,699.99384,700.00616
GOOG,03.01.2014 00:10:58.511,699.99385,700.00615
GOOG,03.01.2014 00:10:59.991,699.99388,700.00612
GOOG,03.01.2014 00:11:01.341,699.99388,700.00612
GOOG,03.01.2014 00:11:02.723,699.99386,700.00614
GOOG,03.01.2014 00:11:04.122,699.99385,700.00615
GOOG,03.01.2014 00:11:05.409,699.99386,700.00614
GOOG,03.01.2014 00:11:06.903,699.99388,700.00612
GOOG,03.01.2014 00:11:08.416,699.99388,700.00612
GOOG,03.01.2014 00:11:09.752,699.99387,700.00613
GOOG,03.01.2014 00:11:11.040,699.99389,700.00611
GOOG,03.01.2014 00:11:12.548,699.99387,700.00613
GOOG,03.01.2014 00:11:13.804,699.99386,700.00614
GOOG,03.01.2014 00:11:15.112,699.99385,700.00615
GOOG,03.01.2014 00:11:16.497,699.99384,700.00616
GOOG,03.01.2014 00:11:17.715,699.99384,700.00616
GOOG,03.01.2014 00:11:19.166,699.99387,700.00613
GOOG,03.01.2014 00:11:20.697,699.99389,700.00611
GOOG,03.01.2014 00:11:22.044,699.99390,700.00610
GOOG,03.01.2014 00:11:23.243,699.99388,700.00612
GOOG,03.01.2014 00:11:24.898,699.99388,700.00612
GOOG,03.01.2014 00:11:26.280,699.99389,700.00611
GOOG,03.01.2014 00:11:27.623,699.99390,700.00610
GOOG,03.01.2014 00:11:29.029,699.99388,700.00612
GOOG,03.01.2014 00:11:30.333,699.99384,700.00616
GOOG,03.01.2014 00:11:31.698,699.99386,700.00614
GOOG,03.01.2014 00:11:33.173,699.99385,700.00615
GOOG,03.01.2014 00:11:34.504,699.99384,700.00616
GOOG,03.01.2014 00:11:35.735,699.99384,700.00616
GOOG,03.01.2014 00:11:37.172,699.99384,700.00616
GOOG,03.01.2014 00:11:38.474,699.99383,700.00617
GOOG,03.01.2014 00:11:39.777,699.99384,700.00616
GOOG,03.01.2014 00:11:41.108,699.99385,700.00615
GOOG,03.01.2014 00:11:42.446,699.99385,700.00615
GOOG,03.01.2014 00:11:43.698,699.99384,700.00616
GOOG,03.01.2014 00:11:45.092,699.99385,700.00615
GOOG,03.01.2014 00:11:46.531,699.99387,700.00613
GOOG,03.01.2014 00:11:47.774,699.99388,700.00612
GOOG,03.01.2014 00:11:49.050,699.99387,700.00613
GOOG,03.01.2014 00:11:50.487,699.99387,700.00613
GOOG,03.01.2014 00:11:51.989,699.99382,700.00618
GOOG,03.01.2014 00:11:53.491,699.99383,700.00617
GOOG,03.01.2014 00:11:54.988,699.99384,700.00616
GOOG,03.01.2014 00:11:56.410,699.99383,700.00617
GOOG,03.01.2014 00:11:57.720,699.99383,700.00617
GOOG,03.01.2014 00:11:59.097,699.99380,700.00620
GOOG,03.01.2014 00:12:00.485,699.99381,700.00619
GOOG,03.01.2014 00:12:01.692,699.99382,700.00618
GOOG,03.01.2014 00:12:03.054,699.99382,700.00618
GOOG,03.01.2014 00:12:04.515,699.99381,700.00619
GOOG,03.01.2014 00:12:05.884,699.99377,700.00623
GOOG,03.01.2014 00:12:07.398,699.99376,700.00624
GOOG,03.01.2014 00:12:08.926,699.99376,700.00624
GOOG,03.01.2014 00:12:10.420,699.99376,700.00624
GOOG,03.01.2014 00:12:11.837,699.99379,700.00621
GOOG,03.01.2014 00:12:13.117,699.99380,700.00620
GOOG,03.01.2014 00:12:14.656,699.99380,700.00620
GOOG,03.01.2014 00:12:16.016,699.99382,700.00618
GOOG,03.01.2014 00:12:17.440,699.99381,700.00619
GOOG,03.01.2014 00:12:18.862,699.99381,700.00619
GOOG,03.01.2014 00:12:20.196,699.99380,700.00620
GOOG,03.01.2014 00:12:21.444,699.99382,700.00618
GOOG,03.01.2014 00:12:22.839,699.99381,700.00619
GOOG,03.01.2014 00:12:24.222,699.99381,700.00619
GOOG,03.01.2014 00:12:25.560,699.99381,700.00619
GOOG,03.01.2014 00:12:26.994,699.99382,700.00618
GOOG,03.01.2014 00:12:28.392,699.99382,700.00618
GOOG,03.01.2014 00:12:29.629,699.99381,700.00619
GOOG,03.01.2014 00:12:30.900,699.99381,700.00619
GOOG,03.01.2014 00:12:32.540,699.99378,700.00622
GOOG,03.01.2014 00:12:33.942,699.99379,700.00621
GOOG,03.01.2014 00:12:35.377,699.99380,700.00620
GOOG,03.01.2014 00:12:37.031,699.99379,700.00621
GOOG,03.01.2014 00:12:38.336,699.99378,700.00622
GOOG,03.01.2014 00:12:39.570,699.99378,700.00622
GOOG,03.01.2014 00:12:41.073,699.99380,700.00620
GOOG,03.01.2014 00:12:42.382,699.99381,700.00619
GOOG,03.01.2014 00:12:43.712,699.99384,700.00616
GOOG,03.01.2014 00:12:45.242,699.99385,700.00615
GOOG,03.01.2014 00:12:46.506,699.99383,700.00617
GOOG,03.01.2014 00:12:47.905,699.99382,700.00618
GOOG,03.01.2014 00:12:49.312,699.99381,700.00619
GOOG,03.01.2014 00:12:50.799,699.99381,700.00619
GOOG,03.01.2014 00:12:52.262,699.99380,700.00620
GOOG,03.01.2014 00:12:53.884,699.99384,700.00616
GOOG,03.01.2014 00:12:55.389,699.99385,700.00615
GOOG,03.01.2014 00:12:56.658,699.99387,700.00613
GOOG,03.01.2014 00:12:58.175,699.99383,700.00617
GOOG,03.01.2014 00:12:59.547,699.99382,700.00618
GOOG,03.01.2014 00:13:01.181,699.99383,700.00617
GOOG,03.01.2014 00:13:02.502,699.99382,700.00618
GOOG,03.01.2014 00:13:03.935,699.99384,700.00616
GOOG,03.01.2014 00:13:05.454,699.99386,700.00614
GOOG,03.01.2014 00:13:06.830,699.99388,700.00612
GOOG,03.01.2014 00:13:08.141,699.99391,700.00609
GOOG,03.01.2014 00:13:09.554,699.99392,700.00608
GOOG,03.01.2014 00:13:10.950,699.99392,700.00608
GOOG,03.01.2014 00:13:12.318,699.99392,700.00608
GOOG,03.01.2014 00:13:13.493,699.99392,700.00608
GOOG,03.01.2014 00:13:15.030,699.99391,700.00609
GOOG,03.01.2014 00:13:16.211,699.99389,700.00611
GOOG,03.01.2014 00:13:17.312,699.99387,700.00613
GOOG,03.01.2014 00:13:18.647,699.99390,700.00610
GOOG,03.01.2014 00:13:19.971,699.99389,700.00611
GOOG,03.01.2014 00:13:21.353,699.99389,700.00611
GOOG,03.01.2014 00:13:22.791,699.99390,700.00610
GOOG,03.01.2014 00:13:24.097,699.99392,700.00608
GOOG,03.01.2014 00:13:25.364,699.99391,700.00609
GOOG,03.01.2014 00:13:26.729,699.99390,700.00610
GOOG,03.01.2014 00:13:28.095,699.99391,700.00609
GOOG,03.01.2014 00:13:29.751,699.99393,700.00607
GOOG,03.01.2014 00:13:31.168,699.99391,700.00609
GOOG,03.01.2014 00:13:32.551,699.99391,700.00609
GOOG,03.01.2014 00:13:33.876,699.99390,700.00610
GOOG,03.01.2014 00:13:35.027,699.99390,700.00610
GOOG,03.01.2014 00:13:36.395,699.99388,700.00612
GOOG,03.01.2014 00:13:37.605,699.99390,700.00610
GOOG,03.01.2014 00:13:38.950,699.99391,700.00609
GOOG,03.01.2014 00:13:40.495,699.99392,700.00608
GOOG,03.01.2014 00:13:41.981,699.99394,700.00606
GOOG,03.01.2014 00:13:43.329,699.99394,700.00606
GOOG,03.01.2014 00:13:44.791,699.99394,700.00606
GOOG,03.01.2014 00:13:46.294,699.99397,700.00603
GOOG,03.01.2014 00:13:47.516,699.99397,700.00603
GOOG,03.01.2014 00:13:49.041,699.99397,700.00603
GOOG,03.01.2014 00:13:50.298,699.99396,700.00604
GOOG,03.01.2014 00:13:51.640,699.99397,700.00603
GOOG,03.01.2014 00:13:52.914,699.99395,700.00605
GOOG,03.01.2014 00:13:54.407,699.99397,700.00603
GOOG,03.01.2014 00:13:55.824,699.99396,700.00604
GOOG,03.01.2014 00:13:57.256,699.99395,700.00605
GOOG,03.01.2014 00:13:58.627,699.99397,700.00603
GOOG,03.01.2014 00:13:59.865,699.99396,700.00604
GOOG,03.01.2014 00:14:01.103,699.99394,700.00606
GOOG,03.01.2014 00:14:02.473,699.99395,700.00605
GOOG,03.01.2014 00:14:03.789,699.99397,700.00603
GOOG,03.01.2014 00:14:05.277,699.99395,700.00605
GOOG,03.01.2014 00:14:06.616,699.99397,700.00603
GOOG,03.01.2014 00:14:08.044,699.99397,700.00603
GOOG,03.01.2014 00:14:09.381,699.99398,700.00602
GOOG,03.01.2014 00:14:10.819,699.99397,700.00603
GOOG,03.01.2014 00:14:12.148,699.99396,700.00604
GOOG,03.01.2014 00:14:13.525,699.99396,700.00604
GOOG,03.01.2014 00:14:14.869,699.99396,700.00604
GOOG,03.01.2014 00:14:16.133,699.99398,700.00602
GOOG,03.01.2014 00:14:17.567,699.99400,700.00600
GOOG,03.01.2014 00:14:18.930,699.99399,700.00601
GOOG,03.01.2014 00:14:20.116,699.99400,700.00600
GOOG,03.01.2014 00:14:21.608,699.99400,700.00600
GOOG,03.01.2014 00:14:22.890,699.99403,700.00597
GOOG,03.01.2014 00:14:24.267,699.99403,700.00597
GOOG,03.01.2014 00:14:25.652,699.99403,700.00597
GOOG,03.01.2014 00:14:27.083,699.99403,700.00597
GOOG,03.01.2014 00:14:28.491,699.99406,700.00594
GOOG,03.01.2014 00:14:29.858,699.99407,700.00593
GOOG,03.01.2014 00:14:31.475,699.99407,700.00593
GOOG,03.01.2014 00:14:32.758,699.99409,700.00591
GOOG,03.01.2014 00:14:33.982,699.99410,700.00590
GOOG,03.01.2014 00:14:35.359,699.99411,700.00589
GOOG,03.01.2014 00:14:36.830,699.99411,700.00589
GOOG,03.01.2014 00:14:38.212,699.99410,700.00590
GOOG,03.01.2014 00:14:39.477,699.99410,700.00590
GOOG,03.01.2014 00:14:40.932,699.99412,700.00588
GOOG,03.01.2014 00:14:42.351,699.99413,700.00587
GOOG,03.01.2014 00:14:43.978,699.99413,700.00587
GOOG,03.01.2014 00:14:45.464,699.99413,700.00587
GOOG,03.01.2014 00:14:46.788,699.99415,700.00585
GOOG,03.01.2014 00:14:48.296,699.99414,700.00586
GOOG,03.01.2014 00:14:49.808,699.99414,700.00586
GOOG,03.01.2014 00:14:51.234,699.99415,700.00585
GOOG,03.01.2014 00:14:52.710,699.99414,700.00586
GOOG,03.01.2014 00:14:54.329,699.99412,700.00588
GOOG,03.01.2014 00:14:55.660,699.99414,700.00586
GOOG,03.01.2014 00:14:57.135,699.99416,700.00584
GOOG,03.01.2014 00:14:58.559,699.99413,700.00587
GOOG,03.01.2014 00:14:59.930,699.99415,700.00585
GOOG,03.01.2014 00:15:01.360,699.99414,700.00586
GOOG,03.01.2014 00:15:02.602,699.99413,700.00587
GOOG,03.01.2014 00:15:04.045,699.99412,700.00588
GOOG,03.01.2014 00:15:05.354,699.99414,700.00586
GOOG,03.01.2014 00:15:06.783,699.99412,700.00588
GOOG,03.01.2014 00:15:08.206,699.99407,700.00593
GOOG,03.01.2014 00:15:09.693,699.99405,700.00595
GOOG,03.01.2014 00:15:10.908,699.99406,700.00594
GOOG,03.01.2014 00:15:12.292,699.99402,700.00598
GOOG,03.01.2014 00:15:13.785,699.99402,700.00598
GOOG,03.01.2014 00:15:15.082,699.99402,700.00598
GOOG,03.01.2014 00:15:16.620,699.99404,700.00596
GOOG,03.01.2014 00:15:17.986,699.99404,700.00596
GOOG,03.01.2014 00:15:19.236,699.99404,700.00596
GOOG,03.01.2014 00:15:20.668,699.99402,700.00598
GOOG,03.01.2014 00:15:22.214,699.99402,700.00598
GOOG,03.01.2014 00:15:23.758,699.99404,700.00596
GOOG,03.01.2014 00:15:25.141,699.99405,700.00595
GOOG,03.01.2014 00:15:26.487,699.99403,700.00597
GOOG,03.01.2014 00:15:27.912,699.99402,700.00598
GOOG,03.01.2014 00:15:29.445,699.99398,700.00602
GOOG,03.01.2014 00:15:30.725,699.99397,700.00603
GOOG,03.01.2014 00:15:32.100,699.99397,700.00603
GOOG,03.01.2014 00:15:33.659,699.99396,700.00604
GOOG,03.01.2014 00:15:35.038,699.99396,700.00604
GOOG,03.01.2014 00:15:36.432,699.99396,700.00604
GOOG,03.01.2014 00:15:38.050,699.99394,700.00606
GOOG,03.01.2014 00:15:39.382,699.99392,700.00608
GOOG,03.01.2014 00:15:40.727,699.99392,700.00608
GOOG,03.01.2014 00:15:42.100,699.99393,700.00607
GOOG,03.01.2014 00:15:43.551,699.99395,700.00605
GOOG,03.01.2014 00:15:45.111,699.99394,700.00606
GOOG,03.01.2014 00:15:46.524,699.99396,700.00604
GOOG,03.01.2014 00:15:47.896,699.99399,700.00601
GOOG,03.01.2014 00:15:49.241,699.99400,700.00600
GOOG,03.01.2014 00:15:50.683,699.99400,700.00600
GOOG,03.01.2014 00:15:51.942,699.99398,700.00602
GOOG,03.01.2014 00:15:53.337,699.99400,700.00600
GOOG,03.01.2014 00:15:54.678,699.99401,700.00599
GOOG,03.01.2014 00:15:56.025,699.99402,700.00598
GOOG,03.01.2014 00:15:57.349,699.99402,700.00598
GOOG,03.01.2014 00:15:58.758,699.99402,700.00598
GOOG,03.01.2014 00:16:00.090,699.99399,700.00601
GOOG,03.01.2014 00:16:01.401,699.99399,700.00601
GOOG,03.01.2014 00:16:02.828,699.99401,700.00599
GOOG,03.01.2014 00:16:04.161,699.99400,700.00600
GOOG,03.01.2014 00:16:05.613,699.99400,700.00600
GOOG,03.01.2014 00:16:07.025,699.99399,700.00601
GOOG,03.01.2014 00:16:08.280,699.99399,700.00601
GOOG,03.01.2014 00:16:09.724,699.99399,700.00601
GOOG,03.01.2014 00:16:11.196,699.99401,700.00599
GOOG,03.01.2014 00:16:12.592,699.99402,700.00598
GOOG,03.01.2014 00:16:14.023,699.99403,700.00597
GOOG,03.01.2014 00:16:15.267,699.99403,700.00597
GOOG,03.01.2014 00:16:16.721,699.99403,700.00597
GOOG,03.01.2014 00:16:18.084,699.99404,700.00596
GOOG,03.01.2014 00:16:19.581,699.99403,700.00597
GOOG,03.01.2014 00:16:21.067,699.99404,700.00596
GOOG,03.01.2014 00:16:22.709,699.99401,700.00599
GOOG,03.01.2014 00:16:24.054,699.99400,700.00600
GOOG,03.01.2014 00:16:25.427,699.99400,700.00600
GOOG,03.01.2014 00:16:26.930,699.99401,700.00599
GOOG,03.01.2014 00:16:28.312,699.99399,700.00601
GOOG,03.01.2014 00:16:29.578,699.99400,700.00600
GOOG,03.01.2014 00:16:31.118,699.99402,700.00598
GOOG,03.01.2014 00:16:32.445,699.99402,700.00598
GOOG,03.01.2014 00:16:33.747,699.99401,700.00599
GOOG,03.01.2014 00:16:35.149,699.99401,700.00599
GOOG,03.01.2014 00:16:36.599,699.99401,700.00599
GOOG,03.01.2014 00:16:37.858,699.99401,700.00599
GOOG,03.01.2014 00:16:39.175,699.99404,700.00596
GOOG,03.01.2014 00:16:40.574,699.99404,700.00596
GOOG,03.01.2014 00:16:42.030,699.99402,700.00598
GOOG,03.01.2014 00:16:43.528,699.99403,700.00597
GOOG,03.01.2014 00:16:44.860,699.99404,700.00596
GOOG,03.01.2014 00:16:46.115,699.99402,700.00598
GOOG,03.01.2014 00:16:47.451,699.99402,700.00598
GOOG,03.01.2014 00:16:48.866,699.99401,700.00599
GOOG,03.01.2014 00:16:50.434,699.99398,700.00602
GOOG,03.01.2014 00:16:51.853,699.99401,700.00599
GOOG,03.01.2014 00:16:53.160,699.99399,700.00601
GOOG,03.01.2014 00:16:54.545,699.99397,700.00603
GOOG,03.01.2014 00:16:55.979,699.99400,700.00600
GOOG,03.01.2014 00:16:57.141,699.99399,700.00601
GOOG,03.01.2014 00:16:58.611,699.99401,700.00599
GOOG,03.01.2014 00:17:00.042,699.99400,700.00600
GOOG,03.01.2014 00:17:01.332,699.99404,700.00596
GOOG,03.01.2014 00:17:02.566,699.99404,700.00596
GOOG,03.01.2014 00:17:03.956,699.99407,700.00593
GOOG,03.01.2014 00:17:05.441,699.99406,700.00594
GOOG,03.01.2014 00:17:07.044,699.99405,700.00595
GOOG,03.01.2014 00:17:08.385,699.99406,700.00594
GOOG,03.01.2014 00:17:09.868,699.99409,700.00591
GOOG,03.01.2014 00:17:11.043,699.99411,700.00589
GOOG,03.01.2014 00:17:12.376,699.99411,700.00589
GOOG,03.01.2014 00:17:13.946,699.99408,700.00592
GOOG,03.01.2014 00:17:15.297,699.99406,700.00594
GOOG,03.01.2014 00:17:16.682,699.99408,700.00592
GOOG,03.01.2014 00:17:18.015,699.99410,700.00590
GOOG,03.01.2014 00:17:19.462,699.99410,700.00590
GOOG,03.01.2014 00:17:20.925,699.99411,700.00589
GOOG,03.01.2014 00:17:22.208,699.99408,700.00592
GOOG,03.01.2014 00:17:23.431,699.99408,700.00592
GOOG,03.01.2014 00:17:24.722,699.99408,700.00592
GOOG,03.01.2014 00:17:26.063,699.99409,700.00591
GOOG,03.01.2014 00:17:27.574,699.99409,700.00591
GOOG,03.01.2014 00:17:29.036,699.99410,700.00590
GOOG,03.01.2014 00:17:30.600,699.99413,700.00587
GOOG,03.01.2014 00:17:32.035,699.99414,700.00586
GOOG,03.01.2014 00:17:33.428,699.99415,700.00585
GOOG,03.01.2014 00:17:34.907,699.99414,700.00586
GOOG,03.01.2014 00:17:36.416,699.99415,700.00585
GOOG,03.01.2014 00:17:37.799,699.99415,700.00585
GOOG,03.01.2014 00:17:39.376,699.99418,700.00582
GOOG,03.01.2014 00:17:40.693,699.99417,700.00583
GOOG,03.01.2014 00:17:41.963,699.99419,700.00581
GOOG,03.01.2014 00:17:43.530,699.99422,700.00578
GOOG,03.01.2014 00:17:44.886,699.99422,700.00578
GOOG,03.01.2014 00:17:46.344,699.99420,700.00580
GOOG,03.01.2014 00:17:47.761,699.99420,700.00580
GOOG,03.01.2014 00:17:49.175,699.99421,700.00579
GOOG,03.01.2014 00:17:50.623,699.99423,700.00577
GOOG,03.01.2014 00:17:51.887,699.99423,700.00577
GOOG,03.01.2014 00:17:53.329,699.99422,700.00578
GOOG,03.01.2014 00:17:54.699,699.99422,700.00578
GOOG,03.01.2014 00:17:56.108,699.99421,700.00579
GOOG,03.01.2014 00:17:57.512,699.99420,700.00580
GOOG,03.01.2014 00:17:58.944,699.99419,700.00581
GOOG,03.01.2014 00:18:00.262,699.99419,700.00581
GOOG,03.01.2014 00:18:01.664,699.99420,700.00580
GOOG,03.01.2014 00:18:03.113,699.99420,700.00580
GOOG,03.01.2014 00:18:04.547,699.99420,700.00580
GOOG,03.01.2014 00:18:06.025,699.99421,700.00579
GOOG,03.01.2014 00:18:07.417,699.99417,700.00583
GOOG,03.01.2014 00:18:08.762,699.99417,700.00583
GOOG,03.01.2014 00:18:10.187,699.99414,700.00586
GOOG,03.01.2014 00:18:11.650,699.99416,700.00584
GOOG,03.01.2014 00:18:13.048,699.99416,700.00584
GOOG,03.01.2014 00:18:14.354,699.99415,700.00585
GOOG,03.01.2014 00:18:15.918,699.99412,700.00588
GOOG,03.01.2014 00:18:17.234,699.99412,700.00588
GOOG,03.01.2014 00:18:18.800,699.99414,700.00586
GOOG,03.01.2014 00:18:20.046,699.99414,700.00586
GOOG,03.01.2014 00:18:21.455,699.99415,700.00585
GOOG,03.01.2014 00:18:22.770,699.99413,700.00587
GOOG,03.01.2014 00:18:24.161,699.99413,700.00587
GOOG,03.01.2014 00:18:25.556,699.99411,700.00589
GOOG,03.01.2014 00:18:27.044,699.99410,700.00590
GOOG,03.01.2014 00:18:28.269,699.99412,700.00588
GOOG,03.01.2014 00:18:29.776,699.99410,700.00590
GOOG,03.01.2014 00:18:31.125,699.99410,700.00590
GOOG,03.01.2014 00:18:32.686,699.99411,700.00589
GOOG,03.01.2014 00:18:34.134,699.99414,700.00586
GOOG,03.01.2014 00:18:35.422,699.99414,700.00586
GOOG,03.01.2014 00:18:36.770,699.99415,700.00585
GOOG,03.01.2014 00:18:38.208,699.99415,700.00585
GOOG,03.01.2014 00:18:39.586,699.99416,700.00584
GOOG,03.01.2014 00:18:40.925,699.99416,700.00584
GOOG,03.01.2014 00:18:42.380,699.99414,700.00586
GOOG,03.01.2014 00:18:43.794,699.99414,700.00586
GOOG,03.01.2014 00:18:45.249,699.99413,700.00587
GOOG,03.01.2014 00:18:46.624,699.99413,700.00587
GOOG,03.01.2014 00:18:47.901,699.99418,700.00582
GOOG,03.01.2014 00:18:49.344,699.99419,700.00581
GOOG,03.01.2014 00:18:50.812,699.99420,700.00580
GOOG,03.01.2014 00:18:52.298,699.99420,700.00580
GOOG,03.01.2014 00:18:53.846,699.99416,700.00584
GOOG,03.01.2014 00:18:55.206,699.99419,700.00581
GOOG,03.01.2014 00:18:56.738,699.99418,700.00582
GOOG,03.01.2014 00:18:58.074,699.99418,700.00582
GOOG,03.01.2014 00:18:59.517,699.99416,700.00584
GOOG,03.01.2014 00:19:00.750,699.99417,700.00583
GOOG,03.01.2014 00:19:02.155,699.99420,700.00580
GOOG,03.01.2014 00:19:03.642,699.99421,700.00579
GOOG,03.01.2014 00:19:05.173,699.99420,700.00580
GOOG,03.01.2014 00:19:06.521,699.99418,700.00582
GOOG,03.01.2014 00:19:07.773,699.99417,700.00583
GOOG,03.01.2014 00:19:09.270,699.99417,700.00583
GOOG,03.01.2014 00:19:10.710,699.99417,700.00583
GOOG,03.01.2014 00:19:12.006,699.99414,700.00586
GOOG,03.01.2014 00:19:13.157,699.99412,700.00588
GOOG,03.01.2014 00:19:14.506,699.99413,700.00587
GOOG,03.01.2014 00:19:15.884,699.99413,700.00587
GOOG,03.01.2014 00:19:17.202,699.99410,700.00590
GOOG,03.01.2014 00:19:18.891,699.99412,700.00588
GOOG,03.01.2014 00:19:20.338,699.99413,700.00587
GOOG,03.01.2014 00:19:21.697,699.99413,700.00587
GOOG,03.01.2014 00:19:23.046,699.99413,700.00587
GOOG,03.01.2014 00:19:24.565,699.99410,700.00590
GOOG,03.01.2014 00:19:26.055,699.99408,700.00592
GOOG,03.01.2014 00:19:27.480,699.99408,700.00592
GOOG,03.01.2014 00:19:28.974,699.99408,700.00592
GOOG,03.01.2014 00:19:30.584,699.99408,700.00592
GOOG,03.01.2014 00:19:32.012,699.99410,700.00590
GOOG,03.01.2014 00:19:33.585,699.99410,700.00590
GOOG,03.01.2014 00:19:34.805,699.99410,700.00590
GOOG,03.01.2014 00:19:36.208,699.99408,700.00592
GOOG,03.01.2014 00:19:37.646,699.99407,700.00593
GOOG,03.01.2014 00:19:38.914,699.99406,700.00594
GOOG,03.01.2014 00:19:40.388,699.99408,700.00592
GOOG,03.01.2014 00:19:41.773,699.99410,700.00590
GOOG,03.01.2014 00:19:43.168,699.99408,700.00592
GOOG,03.01.2014 00:19:44.508,699.99409,700.00591
GOOG,03.01.2014 00:19:46.062,699.99411,700.00589
GOOG,03.01.2014 00:19:47.261,699.99410,700.00590
GOOG,03.01.2014 00:19:48.658,699.99407,700.00593
GOOG,03.01.2014 00:19:49.933,699.99409,700.00591
GOOG,03.01.2014 00:19:51.273,699.99410,700.00590
GOOG,03.01.2014 00:19:52.706,699.99411,700.00589
GOOG,03.01.2014 00:19:53.937,699.99409,700.00591
GOOG,03.01.2014 00:19:55.389,699.99409,700.00591
GOOG,03.01.2014 00:19:56.763,699.99409,700.00591
GOOG,03.01.2014 00:19:58.126,699.99407,700.00593
GOOG,03.01.2014 00:19:59.295,699.99409,700.00591
GOOG,03.01.2014 00:20:00.684,699.99411,700.00589
GOOG,03.01.2014 00:20:01.879,699.99412,700.00588
GOOG,03.01.2014 00:20:03.303,699.99412,700.00588
GOOG,03.01.2014 00:20:04.519,699.99412,700.00588
GOOG,03.01.2014 00:20:05.858,699.99412,700.00588
GOOG,03.01.2014 00:20:07.190,699.99414,700.00586
GOOG,03.01.2014 00:20:08.609,699.99415,700.00585
GOOG,03.01.2014 00:20:10.128,699.99415,700.00585
GOOG,03.01.2014 00:20:11.478,699.99418,700.00582
GOOG,03.01.2014 00:20:12.840,699.99418,700.00582
GOOG,03.01.2014 00:20:14.217,699.99415,700.00585
GOOG,03.01.2014 00:20:15.678,699.99415,700.00585
GOOG,03.01.2014 00:20:16.929,699.99415,700.00585
GOOG,03.01.2014 00:20:18.375,699.99415,700.00585
GOOG,03.01.2014 00:20:19.705,699.99417,700.00583
GOOG,03.01.2014 00:20:21.028,699.99416,700.00584
GOOG,03.01.2014 00:20:22.465,699.99418,700.00582
GOOG,03.01.2014 00:20:24.005,699.99420,700.00580
GOOG,03.01.2014 00:20:25.454,699.99420,700.00580
GOOG,03.01.2014 00:20:26.926,699.99420,700.00580
GOOG,03.01.2014 00:20:28.297,699.99419,700.00581
GOOG,03.01.2014 00:20:29.681,699.99417,700.00583
GOOG,03.01.2014 00:20:31.107,699.99418,700.00582
GOOG,03.01.2014 00:20:32.482,699.99418,700.00582
GOOG,03.01.2014 00:20:34.049,699.99420,700.00580
GOOG,03.01.2014 00:20:35.513,699.99419,700.00581
GOOG,03.01.2014 00:20:36.743,699.99417,700.00583
GOOG,03.01.2014 00:20:38.288,699.99414,700.00586
GOOG,03.01.2014 00:20:39.759,699.99415,700.00585
GOOG,03.01.2014 00:20:41.142,699.99414,700.00586
GOOG,03.01.2014 00:20:42.610,699.99418,700.00582
GOOG,03.01.2014 00:20:43.970,699.99418,700.00582
GOOG,03.01.2014 00:20:45.274,699.99419,700.00581
GOOG,03.01.2014 00:20:46.735,699.99418,700.00582
GOOG,03.01.2014 00:20:48.151,699.99417,700.00583
GOOG,03.01.2014 00:20:49.440,699.99417,700.00583
GOOG,03.01.2014 00:20:50.687,699.99414,700.00586
GOOG,03.01.2014 00:20:52.115,699.99415,700.00585
GOOG,03.01.2014 00:20:53.459,699.99419,700.00581
GOOG,03.01.2014 00:20:54.835,699.99420,700.00580
GOOG,03.01.2014 00:20:56.393,699.99421,700.00579
GOOG,03.01.2014 00:20:57.877,699.99421,700.00579
GOOG,03.01.2014 00:20:59.359,699.99420,700.00580
GOOG,03.01.2014 00:21:00.806,699.99417,700.00583
GOOG,03.01.2014 00:21:02.311,699.99417,700.00583
GOOG,03.01.2014 00:21:03.566,699.99417,700.00583
GOOG,03.01.2014 00:21:05.223,699.99413,700.00587
GOOG,03.01.2014 00:21:06.647,699.99413,700.00587
GOOG,03.01.2014 00:21:08.277,699.99414,700.00586
GOOG,03.01.2014 00:21:09.668,699.99412,700.00588
GOOG,03.01.2014 00:21:11.184,699.99413,700.00587
GOOG,03.01.2014 00:21:12.571,699.99413,700.00587
GOOG,03.01.2014 00:21:13.990,699.99415,700.00585
GOOG,03.01.2014 00:21:15.428,699.99415,700.00585
GOOG,03.01.2014 00:21:16.880,699.99413,700.00587
GOOG,03.01.2014 00:21:18.345,699.99414,700.00586
GOOG,03.01.2014 00:21:19.658,699.99413,700.00587
GOOG,03.01.2014 00:21:21.094,699.99412,700.00588
GOOG,03.01.2014 00:21:22.490,699.99412,700.00588
GOOG,03.01.2014 00:21:23.982,699.99411,700.00589
GOOG,03.01.2014 00:21:25.146,699.99411,700.00589
GOOG,03.01.2014 00:21:26.512,699.99409,700.00591
GOOG,03.01.2014 00:21:27.998,699.99410,700.00590
GOOG,03.01.2014 00:21:29.473,699.99412,700.00588
GOOG,03.01.2014 00:21:31.034,699.99409,700.00591
GOOG,03.01.2014 00:21:32.408,699.99410,700.00590
GOOG,03.01.2014 00:21:33.926,699.99411,700.00589
GOOG,03.01.2014 00:21:35.326,699.99412,700.00588
GOOG,03.01.2014 00:21:36.682,699.99413,700.00587
GOOG,03.01.2014 00:21:38.134,699.99411,700.00589
GOOG,03.01.2014 00:21:39.464,699.99411,700.00589
GOOG,03.01.2014 00:21:40.753,699.99410,700.00590
GOOG,03.01.2014 00:21:42.306,699.99410,700.00590
GOOG,03.01.2014 00:21:43.789,699.99407,700.00593
GOOG,03.01.2014 00:21:45.216,699.99407,700.00593
GOOG,03.01.2014 00:21:46.615,699.99410,700.00590
GOOG,03.01.2014 00:21:48.085,699.99412,700.00588
GOOG,03.01.2014 00:21:49.458,699.99410,700.00590
GOOG,03.01.2014 00:21:51.008,699.99410,700.00590
GOOG,03.01.2014 00:21:52.353,699.99412,700.00588
GOOG,03.01.2014 00:21:53.767,699.99409,700.00591
GOOG,03.01.2014 00:21:55.233,699.99408,700.00592
GOOG,03.01.2014 00:21:56.439,699.99413,700.00587
GOOG,03.01.2014 00:21:57.713,699.99411,700.00589
GOOG,03.01.2014 00:21:59.110,699.99411,700.00589
GOOG,03.01.2014 00:22:00.622,699.99410,700.00590
GOOG,03.01.2014 00:22:01.912,699.99410,700.00590
GOOG,03.01.2014 00:22:03.276,699.99413,700.00587
GOOG,03.01.2014 00:22:04.566,699.99414,700.00586
GOOG,03.01.2014 00:22:05.922,699.99413,700.00587
GOOG,03.01.2014 00:22:07.263,699.99414,700.00586
GOOG,03.01.2014 00:22:08.808,699.99413,700.00587
GOOG,03.01.2014 00:22:10.274,699.99413,700.00587
GOOG,03.01.2014 00:22:11.592,699.99414,700.00586
GOOG,03.01.2014 00:22:13.053,699.99413,700.00587
GOOG,03.01.2014 00:22:14.488,699.99412,700.00588
GOOG,03.01.2014 00:22:15.978,699.99410,700.00590
GOOG,03.01.2014 00:22:17.368,699.99413,700.00587
GOOG,03.01.2014 00:22:18.809,699.99415,700.00585
GOOG,03.01.2014 00:22:20.257,699.99417,700.00583
GOOG,03.01.2014 00:22:21.714,699.99415,700.00585
GOOG,03.01.2014 00:22:23.212,699.99414,700.00586
GOOG,03.01.2014 00:22:24.575,699.99413,700.00587
GOOG,03.01.2014 00:22:25.855,699.99414,700.00586
GOOG,03.01.2014 00:22:27.412,699.99413,700.00587
GOOG,03.01.2014 00:22:28.899,699.99415,700.00585
GOOG,03.01.2014 00:22:30.412,699.99418,700.00582
GOOG,03.01.2014 00:22:31.813,699.99420,700.00580
GOOG,03.01.2014 00:22:33.319,699.99418,700.00582
GOOG,03.01.2014 00:22:34.598,699.99419,700.00581
GOOG,03.01.2014 00:22:35.988,699.99418,700.00582
GOOG,03.01.2014 00:22:37.432,699.99417,700.00583
GOOG,03.01.2014 00:22:38.684,699.99420,700.00580
GOOG,03.01.2014 00:22:40.252,699.99421,700.00579
GOOG,03.01.2014 00:22:41.493,699.99418,700.00582
GOOG,03.01.2014 00:22:42.827,699.99418,700.00582
GOOG,03.01.2014 00:22:44.259,699.99419,700.00581
GOOG,03.01.2014 00:22:45.634,699.99420,700.00580
GOOG,03.01.2014 00:22:47.001,699.99422,700.00578
GOOG,03.01.2014 00:22:48.207,699.99421,700.00579
GOOG,03.01.2014 00:22:49.625,699.99423,700.00577
GOOG,03.01.2014 00:22:50.990,699.99424,700.00576
GOOG,03.01.2014 00:22:52.455,699.99421,700.00579
GOOG,03.01.2014 00:22:53.942,699.99422,700.00578
GOOG,03.01.2014 00:22:55.433,699.99423,700.00577
GOOG,03.01.2014 00:22:57.166,699.99422,700.00578
GOOG,03.01.2014 00:22:58.526,699.99420,700.00580
GOOG,03.01.2014 00:22:59.951,699.99423,700.00577
GOOG,03.01.2014 00:23:01.275,699.99423,700.00577
GOOG,03.01.2014 00:23:02.533,699.99422,700.00578
GOOG,03.01.2014 00:23:04.040,699.99424,700.00576
GOOG,03.01.2014 00:23:05.600,699.99426,700.00574
GOOG,03.01.2014 00:23:06.998,699.99425,700.00575
GOOG,03.01.2014 00:23:08.485,699.99424,700.00576
GOOG,03.01.2014 00:23:10.060,699.99425,700.00575
GOOG,03.01.2014 00:23:11.530,699.99423,700.00577
GOOG,03.01.2014 00:23:13.062,699.99422,700.00578
GOOG,03.01.2014 00:23:14.242,699.99422,700.00578
GOOG,03.01.2014 00:23:15.609,699.99421,700.00579
GOOG,03.01.2014 00:23:17.152,699.99419,700.00581
GOOG,03.01.2014 00:23:18.583,699.99418,700.00582
GOOG,03.01.2014 00:23:19.981,699.99419,700.00581
GOOG,03.01.2014 00:23:21.426,699.99417,700.00583
GOOG,03.01.2014 00:23:22.915,699.99416,700.00584
GOOG,03.01.2014 00:23:24.133,699.99416,700.00584
GOOG,03.01.2014 00:23:25.478,699.99417,700.00583
GOOG,03.01.2014 00:23:26.892,699.99417,700.00583
GOOG,03.01.2014 00:23:28.354,699.99415,700.00585
GOOG,03.01.2014 00:23:29.733,699.99413,700.00587
GOOG,03.01.2014 00:23:31.138,699.99412,700.00588
GOOG,03.01.2014 00:23:32.551,699.99411,700.00589
GOOG,03.01.2014 00:23:33.919,699.99411,700.00589
GOOG,03.01.2014 00:23:35.110,699.99410,700.00590
GOOG,03.01.2014 00:23:36.370,699.99410,700.00590
GOOG,03.01.2014 00:23:37.875,699.99411,700.00589
GOOG,03.01.2014 00:23:39.363,699.99411,700.00589
GOOG,03.01.2014 00:23:40.821,699.99411,700.00589
GOOG,03.01.2014 00:23:42.214,699.99412,700.00588
GOOG,03.01.2014 00:23:43.550,699.99412,700.00588
GOOG,03.01.2014 00:23:44.974,699.99412,700.00588
GOOG,03.01.2014 00:23:46.360,699.99413,700.00587
GOOG,03.01.2014 00:23:47.821,699.99414,700.00586
GOOG,03.01.2014 00:23:49.429,699.99412,700.00588
GOOG,03.01.2014 00:23:50.819,699.99412,700.00588
GOOG,03.01.2014 00:23:52.310,699.99413,700.00587
GOOG,03.01.2014 00:23:53.750,699.99412,700.00588
GOOG,03.01.2014 00:23:55.300,699.99411,700.00589
GOOG,03.01.2014 00:23:56.762,699.99410,700.00590
GOOG,03.01.2014 00:23:58.099,699.99411,700.00589
GOOG,03.01.2014 00:23:59.568,699.99412,700.00588
GOOG,03.01.2014 00:24:00.527,699.99413,700.00587
GOOG,03.01.2014 00:24:01.802,699.99417,700.00583
GOOG,03.01.2014 00:24:03.155,699.99417,700.00583
GOOG,03.01.2014 00:24:04.514,699.99418,700.00582
GOOG,03.01.2014 00:24:05.888,699.99419,700.00581
GOOG,03.01.2014 00:24:07.471,699.99415,700.00585
GOOG,03.01.2014 00:24:08.950,699.99411,700.00589
GOOG,03.01.2014 00:24:10.420,699.99413,700.00587
GOOG,03.01.2014 00:24:11.635,699.99413,700.00587
GOOG,03.01.2014 00:24:13.097,699.99414,700.00586
GOOG,03.01.2014 00:24:14.371,699.99415,700.00585
GOOG,03.01.2014 00:24:15.601,699.99415,700.00585
GOOG,03.01.2014 00:24:17.102,699.99414,700.00586
GOOG,03.01.2014 00:24:18.504,699.99414,700.00586
GOOG,03.01.2014 00:24:19.817,699.99413,700.00587
GOOG,03.01.2014 00:24:21.143,699.99415,700.00585
GOOG,03.01.2014 00:24:22.722,699.99414,700.00586
GOOG,03.01.2014 00:24:24.174,699.99415,700.00585
GOOG,03.01.2014 00:24:25.470,699.99416,700.00584
GOOG,03.01.2014 00:24:26.794,699.99419,700.00581
GOOG,03.01.2014 00:24:28.320,699.99421,700.00579
GOOG,03.01.2014 00:24:29.715,699.99424,700.00576
GOOG,03.01.2014 00:24:31.103,699.99423,700.00577
GOOG,03.01.2014 00:24:32.628,699.99426,700.00574
GOOG,03.01.2014 00:24:34.151,699.99423,700.00577
GOOG,03.01.2014 00:24:35.583,699.99421,700.00579
GOOG,03.01.2014 00:24:36.854,699.99420,700.00580
GOOG,03.01.2014 00:24:38.260,699.99420,700.00580
GOOG,03.01.2014 00:24:39.792,699.99417,700.00583
GOOG,03.01.2014 00:24:41.263,699.99420,700.00580
GOOG,03.01.2014 00:24:42.627,699.99420,700.00580
GOOG,03.01.2014 00:24:44.049,699.99419,700.00581
GOOG,03.01.2014 00:24:45.495,699.99418,700.00582
GOOG,03.01.2014 00:24:46.963,699.99418,700.00582
GOOG,03.01.2014 00:24:48.421,699.99417,700.00583
GOOG,03.01.2014 00:24:50.106,699.99417,700.00583
GOOG,03.01.2014 00:24:51.500,699.99416,700.00584
GOOG,03.01.2014 00:24:53.015,699.99414,700.00586
GOOG,03.01.2014 00:24:54.317,699.99415,700.00585
GOOG,03.01.2014 00:24:55.693,699.99415,700.00585
GOOG,03.01.2014 00:24:57.143,699.99416,700.00584
GOOG,03.01.2014 00:24:58.500,699.99417,700.00583
GOOG,03.01.2014 00:24:59.959,699.99416,700.00584
GOOG,03.01.2014 00:25:01.531,699.99414,700.00586
GOOG,03.01.2014 00:25:02.700,699.99415,700.00585
GOOG,03.01.2014 00:25:04.244,699.99417,700.00583
GOOG,03.01.2014 00:25:05.810,699.99416,700.00584
GOOG,03.01.2014 00:25:07.265,699.99414,700.00586
GOOG,03.01.2014 00:25:08.651,699.99413,700.00587
GOOG,03.01.2014 00:25:09.995,699.99412,700.00588
GOOG,03.01.2014 00:25:11.455,699.99412,700.00588
GOOG,03.01.2014 00:25:13.004,699.99410,700.00590
GOOG,03.01.2014 00:25:14.266,699.99410,700.00590
GOOG,03.01.2014 00:25:15.676,699.99410,700.00590
GOOG,03.01.2014 00:25:17.077,699.99409,700.00591
GOOG,03.01.2014 00:25:18.518,699.99410,700.00590
GOOG,03.01.2014 00:25:19.996,699.99408,700.00592
GOOG,03.01.2014 00:25:21.409,699.99411,700.00589
GOOG,03.01.2014 00:25:22.720,699.99409,700.00591
GOOG,03.01.2014 00:25:23.905,699.99410,700.00590
GOOG,03.01.2014 00:25:25.321,699.99410,700.00590
GOOG,03.01.2014 00:25:26.710,699.99414,700.00586
GOOG,03.01.2014 00:25:28.094,699.99410,700.00590
GOOG,03.01.2014 00:25:29.458,699.99410,700.00590
GOOG,03.01.2014 00:25:30.923,699.99410,700.00590
GOOG,03.01.2014 00:25:32.227,699.99411,700.00589
GOOG,03.01.2014 00:25:33.695,699.99409,700.00591
GOOG,03.01.2014 00:25:35.082,699.99408,700.00592
GOOG,03.01.2014 00:25:36.706,699.99409,700.00591
GOOG,03.01.2014 00:25:38.125,699.99408,700.00592
GOOG,03.01.2014 00:25:39.466,699.99408,700.00592
GOOG,03.01.2014 00:25:40.842,699.99406,700.00594
GOOG,03.01.2014 00:25:42.168,699.99403,700.00597
GOOG,03.01.2014 00:25:43.284,699.99401,700.00599
GOOG,03.01.2014 00:25:44.635,699.99401,700.00599
GOOG,03.01.2014 00:25:46.057,699.99400,700.00600
GOOG,03.01.2014 00:25:47.339,699.99400,700.00600
GOOG,03.01.2014 00:25:48.907,699.99396,700.00604
GOOG,03.01.2014 00:25:50.463,699.99402,700.00598
GOOG,03.01.2014 00:25:51.802,699.99402,700.00598
GOOG,03.01.2014 00:25:53.285,699.99402,700.00598
GOOG,03.01.2014 00:25:54.751,699.99401,700.00599
GOOG,03.01.2014 00:25:56.158,699.99400,700.00600
GOOG,03.01.2014 00:25:57.611,699.99401,700.00599
GOOG,03.01.2014 00:25:58.980,699.99400,700.00600
GOOG,03.01.2014 00:26:00.631,699.99398,700.00602
GOOG,03.01.2014 00:26:02.018,699.99400,700.00600
GOOG,03.01.2014 00:26:03.337,699.99401,700.00599
GOOG,03.01.2014 00:26:04.697,699.99403,700.00597
GOOG,03.01.2014 00:26:05.988,699.99403,700.00597
GOOG,03.01.2014 00:26:07.460,699.99402,700.00598
GOOG,03.01.2014 00:26:08.737,699.99401,700.00599
GOOG,03.01.2014 00:26:10.220,699.99401,700.00599
GOOG,03.01.2014 00:26:11.383,699.99400,700.00600
GOOG,03.01.2014 00:26:12.759,699.99400,700.00600
GOOG,03.01.2014 00:26:14.237,699.99399,700.00601
GOOG,03.01.2014 00:26:15.669,699.99400,700.00600
GOOG,03.01.2014 00:26:17.154,699.99398,700.00602
GOOG,03.01.2014 00:26:18.537,699.99397,700.00603
GOOG,03.01.2014 00:26:20.079,699.99398,700.00602
GOOG,03.01.2014 00:26:21.496,699.99397,700.00603
GOOG,03.01.2014 00:26:22.883,699.99395,700.00605
GOOG,03.01.2014 00:26:24.249,699.99394,700.00606
GOOG,03.01.2014 00:26:25.830,699.99394,700.00606
GOOG,03.01.2014 00:26:27.091,699.99393,700.00607
GOOG,03.01.2014 00:26:28.459,699.99395,700.00605
GOOG,03.01.2014 00:26:29.870,699.99394,700.00606
GOOG,03.01.2014 00:26:31.403,699.99398,700.00602
GOOG,03.01.2014 00:26:32.839,699.99394,700.00606
GOOG,03.01.2014 00:26:34.195,699.99393,700.00607
GOOG,03.01.2014 00:26:35.561,699.99392,700.00608
GOOG,03.01.2014 00:26:36.895,699.99394,700.00606
GOOG,03.01.2014 00:26:38.284,699.99395,700.00605
GOOG,03.01.2014 00:26:39.693,699.99397,700.00603
GOOG,03.01.2014 00:26:41.132,699.99400,700.00600
GOOG,03.01.2014 00:26:42.510,699.99401,700.00599
GOOG,03.01.2014 00:26:43.926,699.99403,700.00597
GOOG,03.01.2014 00:26:45.314,699.99405,700.00595
GOOG,03.01.2014 00:26:46.594,699.99403,700.00597
GOOG,03.01.2014 00:26:47.954,699.99405,700.00595
GOOG,03.01.2014 00:26:49.325,699.99407,700.00593
GOOG,03.01.2014 00:26:50.625,699.99407,700.00593
GOOG,03.01.2014 00:26:51.963,699.99406,700.00594
GOOG,03.01.2014 00:26:53.481,699.99406,700.00594
GOOG,03.01.2014 00:26:54.908,699.99407,700.00593
GOOG,03.01.2014 00:26:56.272,699.99409,700.00591
GOOG,03.01.2014 00:26:57.672,699.99409,700.00591
GOOG,03.01.2014 00:26:58.968,699.99410,700.00590
GOOG,03.01.2014 00:27:00.332,699.99410,700.00590
GOOG,03.01.2014 00:27:01.887,699.99412,700.00588
GOOG,03.01.2014 00:27:03.257,699.99412,700.00588
GOOG,03.01.2014 00:27:04.581,699.99414,700.00586
GOOG,03.01.2014 00:27:06.047,699.99413,700.00587
GOOG,03.01.2014 00:27:07.326,699.99413,700.00587
GOOG,03.01.2014 00:27:08.683,699.99412,700.00588
GOOG,03.01.2014 00:27:10.088,699.99413,700.00587
GOOG,03.01.2014 00:27:11.238,699.99413,700.00587
GOOG,03.01.2014 00:27:12.724,699.99411,700.00589
GOOG,03.01.2014 00:27:14.367,699.99414,700.00586
GOOG,03.01.2014 00:27:15.773,699.99417,700.00583
GOOG,03.01.2014 00:27:17.196,699.99417,700.00583
GOOG,03.01.2014 00:27:18.677,699.99416,700.00584
GOOG,03.01.2014 00:27:20.130,699.99416,700.00584
GOOG,03.01.2014 00:27:21.407,699.99414,700.00586
GOOG,03.01.2014 00:27:22.768,699.99413,700.00587
GOOG,03.01.2014 00:27:24.246,699.99408,700.00592
GOOG,03.01.2014 00:27:25.506,699.99408,700.00592
GOOG,03.01.2014 00:27:26.889,699.99408,700.00592
GOOG,03.01.2014 00:27:28.310,699.99409,700.00591
GOOG,03.01.2014 00:27:29.943,699.99408,700.00592
GOOG,03.01.2014 00:27:31.415,699.99408,700.00592
GOOG,03.01.2014 00:27:32.680,699.99410,700.00590
GOOG,03.01.2014 00:27:34.149,699.99409,700.00591
GOOG,03.01.2014 00:27:35.425,699.99407,700.00593
GOOG,03.01.2014 00:27:36.882,699.99407,700.00593
GOOG,03.01.2014 00:27:38.261,699.99408,700.00592
GOOG,03.01.2014 00:27:39.563,699.99410,700.00590
GOOG,03.01.2014 00:27:41.045,699.99410,700.00590
GOOG,03.01.2014 00:27:42.491,699.99411,700.00589
GOOG,03.01.2014 00:27:43.835,699.99409,700.00591
GOOG,03.01.2014 00:27:45.366,699.99408,700.00592
GOOG,03.01.2014 00:27:46.893,699.99408,700.00592
GOOG,03.01.2014 00:27:48.239,699.99409,700.00591
GOOG,03.01.2014 00:27:49.906,699.99409,700.00591
GOOG,03.01.2014 00:27:51.308,699.99405,700.00595
GOOG,03.01.2014 00:27:52.614,699.99404,700.00596
GOOG,03.01.2014 00:27:53.918,699.99406,700.00594
GOOG,03.01.2014 00:27:55.275,699.99406,700.00594
GOOG,03.01.2014 00:27:56.626,699.99404,700.00596
GOOG,03.01.2014 00:27:57.910,699.99404,700.00596
GOOG,03.01.2014 00:27:59.027,699.99403,700.00597
GOOG,03.01.2014 00:28:00.431,699.99403,700.00597
GOOG,03.01.2014 00:28:01.880,699.99401,700.00599
GOOG,03.01.2014 00:28:03.353,699.99399,700.00601
GOOG,03.01.2014 00:28:04.703,699.99400,700.00600
GOOG,03.01.2014 00:28:06.151,699.99397,700.00603
GOOG,03.01.2014 00:28:07.682,699.99396,700.00604
GOOG,03.01.2014 00:28:09.281,699.99395,700.00605
GOOG,03.01.2014 00:28:10.835,699.99394,700.00606
GOOG,03.01.2014 00:28:12.206,699.99393,700.00607
GOOG,03.01.2014 00:28:13.554,699.99393,700.00607
GOOG,03.01.2014 00:28:15.168,699.99393,700.00607
GOOG,03.01.2014 00:28:16.457,699.99393,700.00607
GOOG,03.01.2014 00:28:17.978,699.99394,700.00606
GOOG,03.01.2014 00:28:19.416,699.99394,700.00606
GOOG,03.01.2014 00:28:20.899,699.99395,700.00605
GOOG,03.01.2014 00:28:22.463,699.99398,700.00602
GOOG,03.01.2014 00:28:23.590,699.99396,700.00604
GOOG,03.01.2014 00:28:25.059,699.99395,700.00605
GOOG,03.01.2014 00:28:26.632,699.99395,700.00605
GOOG,03.01.2014 00:28:27.869,699.99396,700.00604
GOOG,03.01.2014 00:28:29.349,699.99395,700.00605
GOOG,03.01.2014 00:28:30.845,699.99397,700.00603
GOOG,03.01.2014 00:28:32.467,699.99398,700.00602
GOOG,03.01.2014 00:28:33.895,699.99399,700.00601
GOOG,03.01.2014 00:28:35.241,699.99399,700.00601
GOOG,03.01.2014 00:28:36.570,699.99397,700.00603
GOOG,03.01.2014 00:28:38.165,699.99397,700.00603
GOOG,03.01.2014 00:28:39.583,699.99398,700.00602
GOOG,03.01.2014 00:28:40.896,699.99396,700.00604
GOOG,03.01.2014 00:28:42.122,699.99399,700.00601
GOOG,03.01.2014 00:28:43.539,699.99399,700.00601
GOOG,03.01.2014 00:28:44.850,699.99399,700.00601
GOOG,03.01.2014 00:28:45.976,699.99399,700.00601
GOOG,03.01.2014 00:28:47.190,699.99400,700.00600
GOOG,03.01.2014 00:28:48.627,699.99398,700.00602
GOOG,03.01.2014 00:28:50.027,699.99396,700.00604
GOOG,03.01.2014 00:28:51.351,699.99395,700.00605
GOOG,03.01.2014 00:28:52.731,699.99393,700.00607
GOOG,03.01.2014 00:28:54.313,699.99394,700.00606
GOOG,03.01.2014 00:28:55.518,699.99396,700.00604
GOOG,03.01.2014 00:28:57.071,699.99397,700.00603
GOOG,03.01.2014 00:28:58.497,699.99397,700.00603
GOOG,03.01.2014 00:28:59.956,699.99396,700.00604
GOOG,03.01.2014 00:29:01.374,699.99393,700.00607
GOOG,03.01.2014 00:29:02.631,699.99394,700.00606
GOOG,03.01.2014 00:29:03.945,699.99395,700.00605
GOOG,03.01.2014 00:29:05.251,699.99394,700.00606
GOOG,03.01.2014 00:29:06.587,699.99396,700.00604
GOOG,03.01.2014 00:29:07.895,699.99396,700.00604
GOOG,03.01.2014 00:29:09.311,699.99394,700.00606
GOOG,03.01.2014 00:29:10.678,699.99395,700.00605
GOOG,03.01.2014 00:29:11.946,699.99395,700.00605
GOOG,03.01.2014 00:29:13.328,699.99397,700.00603
GOOG,03.01.2014 00:29:14.672,699.99396,700.00604
GOOG,03.01.2014 00:29:16.129,699.99396,700.00604
GOOG,03.01.2014 00:29:17.513,699.99397,700.00603
GOOG,03.01.2014 00:29:18.725,699.99400,700.00600
GOOG,03.01.2014 00:29:20.009,699.99401,700.00599
GOOG,03.01.2014 00:29:21.551,699.99398,700.00602
GOOG,03.01.2014 00:29:22.873,699.99397,700.00603
GOOG,03.01.2014 00:29:24.276,699.99398,700.00602
GOOG,03.01.2014 00:29:25.725,699.99399,700.00601
GOOG,03.01.2014 00:29:27.107,699.99398,700.00602
GOOG,03.01.2014 00:29:28.362,699.99397,700.00603
GOOG,03.01.2014 00:29:29.843,699.99396,700.00604
GOOG,03.01.2014 00:29:31.320,699.99397,700.00603
GOOG,03.01.2014 00:29:32.631,699.99397,700.00603
GOOG,03.01.2014 00:29:33.948,699.99398,700.00602
GOOG,03.01.2014 00:29:35.272,699.99398,700.00602
GOOG,03.01.2014 00:29:36.550,699.99400,700.00600
GOOG,03.01.2014 00:29:37.895,699.99403,700.00597
GOOG,03.01.2014 00:29:39.161,699.99405,700.00595
GOOG,03.01.2014 00:29:40.495,699.99407,700.00593
GOOG,03.01.2014 00:29:42.013,699.99406,700.00594
GOOG,03.01.2014 00:29:43.356,699.99403,700.00597
GOOG,03.01.2014 00:29:44.797,699.99406,700.00594
GOOG,03.01.2014 00:29:46.232,699.99406,700.00594
GOOG,03.01.2014 00:29:47.735,699.99409,700.00591
GOOG,03.01.2014 00:29:49.074,699.99407,700.00593
GOOG,03.01.2014 00:29:50.365,699.99409,700.00591
GOOG,03.01.2014 00:29:51.738,699.99411,700.00589
GOOG,03.01.2014 00:29:53.081,699.99411,700.00589
GOOG,03.01.2014 00:29:54.418,699.99410,700.00590
GOOG,03.01.2014 00:29:55.773,699.99409,700.00591
GOOG,03.01.2014 00:29:57.093,699.99409,700.00591
GOOG,03.01.2014 00:29:58.629,699.99412,700.00588
GOOG,03.01.2014 00:29:59.938,699.99411,700.00589
GOOG,03.01.2014 00:30:01.253,699.99412,700.00588
GOOG,03.01.2014 00:30:02.692,699.99413,700.00587
GOOG,03.01.2014 00:30:04.188,699.99414,700.00586
GOOG,03.01.2014 00:30:05.615,699.99411,700.00589
GOOG,03.01.2014 00:30:07.134,699.99410,700.00590
GOOG,03.01.2014 00:30:08.485,699.99408,700.00592
GOOG,03.01.2014 00:30:09.713,699.99408,700.00592
GOOG,03.01.2014 00:30:11.054,699.99408,700.00592
GOOG,03.01.2014 00:30:12.483,699.99409,700.00591
GOOG,03.01.2014 00:30:13.927,699.99408,700.00592
GOOG,03.01.2014 00:30:15.496,699.99410,700.00590
GOOG,03.01.2014 00:30:16.791,699.99409,700.00591
GOOG,03.01.2014 00:30:18.029,699.99409,700.00591
GOOG,03.01.2014 00:30:19.464,699.99410,700.00590
GOOG,03.01.2014 00:30:20.837,699.99412,700.00588
GOOG,03.01.2014 00:30:22.155,699.99412,700.00588
GOOG,03.01.2014 00:30:23.519,699.99413,700.00587
GOOG,03.01.2014 00:30:25.161,699.99417,700.00583
GOOG,03.01.2014 00:30:26.486,699.99419,700.00581
GOOG,03.01.2014 00:30:27.892,699.99421,700.00579
GOOG,03.01.2014 00:30:29.412,699.99423,700.00577
GOOG,03.01.2014 00:30:30.813,699.99422,700.00578
GOOG,03.01.2014 00:30:32.235,699.99425,700.00575
GOOG,03.01.2014 00:30:33.601,699.99425,700.00575
GOOG,03.01.2014 00:30:35.151,699.99427,700.00573
GOOG,03.01.2014 00:30:36.556,699.99428,700.00572
GOOG,03.01.2014 00:30:37.941,699.99428,700.00572
GOOG,03.01.2014 00:30:39.359,699.99433,700.00567
GOOG,03.01.2014 00:30:40.851,699.99434,700.00566
GOOG,03.01.2014 00:30:42.138,699.99436,700.00564
GOOG,03.01.2014 00:30:43.570,699.99435,700.00565
GOOG,03.01.2014 00:30:45.011,699.99434,700.00566
GOOG,03.01.2014 00:30:46.392,699.99437,700.00563
GOOG,03.01.2014 00:30:47.798,699.99440,700.00560
GOOG,03.01.2014 00:30:49.139,699.99442,700.00558
GOOG,03.01.2014 00:30:50.510,699.99443,700.00557
GOOG,03.01.2014 00:30:51.902,699.99445,700.00555
GOOG,03.01.2014 00:30:53.209,699.99446,700.00554
GOOG,03.01.2014 00:30:54.704,699.99445,700.00555
GOOG,03.01.2014 00:30:56.188,699.99445,700.00555
GOOG,03.01.2014 00:30:57.491,699.99446,700.00554
GOOG,03.01.2014 00:30:58.864,699.99447,700.00553
GOOG,03.01.2014 00:31:00.275,699.99447,700.00553
GOOG,03.01.2014 00:31:01.639,699.99447,700.00553
GOOG,03.01.2014 00:31:03.259,699.99446,700.00554
GOOG,03.01.2014 00:31:04.590,699.99445,700.00555
GOOG,03.01.2014 00:31:05.941,699.99445,700.00555
GOOG,03.01.2014 00:31:07.498,699.99444,700.00556
GOOG,03.01.2014 00:31:08.947,699.99446,700.00554
GOOG,03.01.2014 00:31:10.246,699.99445,700.00555
GOOG,03.01.2014 00:31:11.644,699.99446,700.00554
GOOG,03.01.2014 00:31:13.142,699.99444,700.00556
GOOG,03.01.2014 00:31:14.537,699.99441,700.00559
GOOG,03.01.2014 00:31:16.020,699.99439,700.00561
GOOG,03.01.2014 00:31:17.484,699.99441,700.00559
GOOG,03.01.2014 00:31:18.879,699.99444,700.00556
GOOG,03.01.2014 00:31:20.240,699.99443,700.00557
GOOG,03.01.2014 00:31:21.737,699.99442,700.00558
GOOG,03.01.2014 00:31:23.266,699.99441,700.00559
GOOG,03.01.2014 00:31:24.732,699.99439,700.00561
GOOG,03.01.2014 00:31:25.936,699.99438,700.00562
GOOG,03.01.2014 00:31:27.275,699.99437,700.00563
GOOG,03.01.2014 00:31:28.787,699.99433,700.00567
GOOG,03.01.2014 00:31:30.037,699.99433,700.00567
GOOG,03.01.2014 00:31:31.593,699.99428,700.00572
GOOG,03.01.2014 00:31:33.053,699.99431,700.00569
GOOG,03.01.2014 00:31:34.510,699.99433,700.00567
GOOG,03.01.2014 00:31:36.043,699.99432,700.00568
GOOG,03.01.2014 00:31:37.600,699.99430,700.00570
GOOG,03.01.2014 00:31:39.002,699.99430,700.00570
GOOG,03.01.2014 00:31:40.416,699.99429,700.00571
GOOG,03.01.2014 00:31:41.890,699.99429,700.00571
GOOG,03.01.2014 00:31:43.303,699.99427,700.00573
GOOG,03.01.2014 00:31:44.643,699.99428,700.00572
GOOG,03.01.2014 00:31:46.061,699.99425,700.00575
GOOG,03.01.2014 00:31:47.672,699.99426,700.00574
GOOG,03.01.2014 00:31:49.013,699.99425,700.00575
GOOG,03.01.2014 00:31:50.473,699.99426,700.00574
GOOG,03.01.2014 00:31:51.741,699.99427,700.00573
GOOG,03.01.2014 00:31:53.092,699.99427,700.00573
GOOG,03.01.2014 00:31:54.488,699.99428,700.00572
GOOG,03.01.2014 00:31:55.824,699.99429,700.00571
GOOG,03.01.2014 00:31:57.231,699.99430,700.00570
GOOG,03.01.2014 00:31:58.773,699.99432,700.00568
GOOG,03.01.2014 00:32:00.142,699.99432,700.00568
GOOG,03.01.2014 00:32:01.695,699.99429,700.00571
GOOG,03.01.2014 00:32:02.859,699.99430,700.00570
GOOG,03.01.2014 00:32:04.250,699.99430,700.00570
GOOG,03.01.2014 00:32:05.769,699.99432,700.00568
GOOG,03.01.2014 00:32:07.025,699.99433,700.00567
GOOG,03.01.2014 00:32:08.519,699.99432,700.00568
GOOG,03.01.2014 00:32:09.899,699.99434,700.00566
GOOG,03.01.2014 00:32:11.251,699.99434,700.00566
GOOG,03.01.2014 00:32:12.505,699.99434,700.00566
GOOG,03.01.2014 00:32:13.924,699.99432,700.00568
GOOG,03.01.2014 00:32:15.557,699.99434,700.00566
GOOG,03.01.2014 00:32:16.940,699.99436,700.00564
GOOG,03.01.2014 00:32:18.136,699.99434,700.00566
GOOG,03.01.2014 00:32:19.574,699.99434,700.00566
GOOG,03.01.2014 00:32:20.972,699.99433,700.00567
GOOG,03.01.2014 00:32:22.413,699.99431,700.00569
GOOG,03.01.2014 00:32:23.846,699.99432,700.00568
GOOG,03.01.2014 00:32:25.044,699.99433,700.00567
GOOG,03.01.2014 00:32:26.344,699.99432,700.00568
GOOG,03.01.2014 00:32:27.658,699.99434,700.00566
GOOG,03.01.2014 00:32:29.017,699.99437,700.00563
GOOG,03.01.2014 00:32:30.292,699.99435,700.00565
GOOG,03.01.2014 00:32:31.728,699.99434,700.00566
GOOG,03.01.2014 00:32:33.177,699.99431,700.00569
GOOG,03.01.2014 00:32:34.663,699.99433,700.00567
GOOG,03.01.2014 00:32:36.134,699.99436,700.00564
GOOG,03.01.2014 00:32:37.678,699.99432,700.00568
GOOG,03.01.2014 00:32:39.186,699.99432,700.00568
GOOG,03.01.2014 00:32:40.663,699.99433,700.00567
GOOG,03.01.2014 00:32:42.172,699.99433,700.00567
GOOG,03.01.2014 00:32:43.596,699.99436,700.00564
GOOG,03.01.2014 00:32:44.881,699.99439,700.00561
GOOG,03.01.2014 00:32:46.272,699.99437,700.00563
GOOG,03.01.2014 00:32:47.638,699.99437,700.00563
GOOG,03.01.2014 00:32:49.082,699.99434,700.00566
GOOG,03.01.2014 00:32:50.693,699.99431,700.00569
GOOG,03.01.2014 00:32:51.952,699.99428,700.00572
GOOG,03.01.2014 00:32:53.385,699.99427,700.00573
GOOG,03.01.2014 00:32:54.911,699.99426,700.00574
GOOG,03.01.2014 00:32:56.491,699.99429,700.00571
GOOG,03.01.2014 00:32:58.102,699.99429,700.00571
GOOG,03.01.2014 00:32:59.476,699.99429,700.00571
GOOG,03.01.2014 00:33:00.801,699.99428,700.00572
GOOG,03.01.2014 00:33:02.246,699.99425,700.00575
GOOG,03.01.2014 00:33:03.631,699.99426,700.00574
GOOG,03.01.2014 00:33:04.819,699.99427,700.00573
GOOG,03.01.2014 00:33:06.281,699.99426,700.00574
GOOG,03.01.2014 00:33:07.657,699.99425,700.00575
GOOG,03.01.2014 00:33:08.970,699.99423,700.00577
GOOG,03.01.2014 00:33:10.445,699.99423,700.00577
GOOG,03.01.2014 00:33:11.878,699.99423,700.00577
GOOG,03.01.2014 00:33:13.376,699.99424,700.00576
GOOG,03.01.2014 00:33:14.840,699.99423,700.00577
GOOG,03.01.2014 00:33:16.140,699.99424,700.00576
GOOG,03.01.2014 00:33:17.473,699.99421,700.00579
GOOG,03.01.2014 00:33:18.796,699.99421,700.00579
GOOG,03.01.2014 00:33:20.059,699.99420,700.00580
GOOG,03.01.2014 00:33:21.447,699.99421,700.00579
GOOG,03.01.2014 00:33:22.788,699.99422,700.00578
GOOG,03.01.2014 00:33:24.096,699.99420,700.00580
GOOG,03.01.2014 00:33:25.669,699.99420,700.00580
GOOG,03.01.2014 00:33:27.092,699.99419,700.00581
GOOG,03.01.2014 00:33:28.585,699.99422,700.00578
GOOG,03.01.2014 00:33:30.081,699.99425,700.00575
GOOG,03.01.2014 00:33:31.148,699.99424,700.00576
GOOG,03.01.2014 00:33:32.414,699.99422,700.00578
GOOG,03.01.2014 00:33:33.858,699.99419,700.00581
GOOG,03.01.2014 00:33:35.281,699.99418,700.00582
GOOG,03.01.2014 00:33:36.872,699.99415,700.00585
GOOG,03.01.2014 00:33:38.149,699.99415,700.00585
GOOG,03.01.2014 00:33:39.467,699.99415,700.00585
GOOG,03.01.2014 00:33:40.919,699.99413,700.00587
GOOG,03.01.2014 00:33:42.188,699.99416,700.00584
GOOG,03.01.2014 00:33:43.492,699.99415,700.00585
GOOG,03.01.2014 00:33:44.868,699.99417,700.00583
GOOG,03.01.2014 00:33:46.149,699.99417,700.00583
GOOG,03.01.2014 00:33:47.419,699.99419,700.00581
GOOG,03.01.2014 00:33:48.589,699.99420,700.00580
GOOG,03.01.2014 00:33:49.939,699.99422,700.00578
GOOG,03.01.2014 00:33:51.191,699.99420,700.00580
GOOG,03.01.2014 00:33:52.510,699.99418,700.00582
GOOG,03.01.2014 00:33:53.855,699.99417,700.00583
GOOG,03.01.2014 00:33:55.423,699.99417,700.00583
GOOG,03.01.2014 00:33:56.815,699.99417,700.00583
GOOG,03.01.2014 00:33:58.235,699.99416,700.00584
GOOG,03.01.2014 00:33:59.584,699.99414,700.00586
GOOG,03.01.2014 00:34:00.878,699.99416,700.00584
GOOG,03.01.2014 00:34:02.365,699.99414,700.00586
GOOG,03.01.2014 00:34:03.829,699.99413,700.00587
GOOG,03.01.2014 00:34:05.195,699.99415,700.00585
GOOG,03.01.2014 00:34:06.675,699.99413,700.00587
GOOG,03.01.2014 00:34:07.855,699.99416,700.00584
GOOG,03.01.2014 00:34:09.368,699.99416,700.00584
GOOG,03.01.2014 00:34:10.812,699.99417,700.00583
GOOG,03.01.2014 00:34:12.268,699.99416,700.00584
GOOG,03.01.2014 00:34:13.684,699.99416,700.00584
GOOG,03.01.2014 00:34:15.013,699.99419,700.00581
GOOG,03.01.2014 00:34:16.260,699.99419,700.00581
GOOG,03.01.2014 00:34:17.696,699.99416,700.00584
GOOG,03.01.2014 00:34:19.186,699.99414,700.00586
GOOG,03.01.2014 00:34:20.464,699.99414,700.00586
GOOG,03.01.2014 00:34:21.905,699.99415,700.00585
GOOG,03.01.2014 00:34:23.256,699.99415,700.00585
GOOG,03.01.2014 00:34:24.630,699.99415,700.00585
GOOG,03.01.2014 00:34:25.989,699.99415,700.00585
GOOG,03.01.2014 00:34:27.344,699.99413,700.00587
GOOG,03.01.2014 00:34:28.593,699.99413,700.00587
GOOG,03.01.2014 00:34:29.964,699.99413,700.00587
GOOG,03.01.2014 00:34:31.391,699.99413,700.00587
GOOG,03.01.2014 00:34:32.925,699.99416,700.00584
GOOG,03.01.2014 00:34:34.174,699.99414,700.00586
GOOG,03.01.2014 00:34:35.375,699.99416,700.00584
GOOG,03.01.2014 00:34:36.814,699.99416,700.00584
GOOG,03.01.2014 00:34:38.294,699.99416,700.00584
GOOG,03.01.2014 00:34:39.642,699.99414,700.00586
GOOG,03.01.2014 00:34:41.164,699.99416,700.00584
GOOG,03.01.2014 00:34:42.513,699.99416,700.00584
GOOG,03.01.2014 00:34:44.035,699.99414,700.00586
GOOG,03.01.2014 00:34:45.418,699.99417,700.00583
GOOG,03.01.2014 00:34:46.840,699.99419,700.00581
GOOG,03.01.2014 00:34:48.229,699.99418,700.00582
GOOG,03.01.2014 00:34:49.641,699.99418,700.00582
GOOG,03.01.2014 00:34:51.084,699.99417,700.00583
GOOG,03.01.2014 00:34:52.533,699.99417,700.00583
GOOG,03.01.2014 00:34:54.038,699.99419,700.00581
GOOG,03.01.2014 00:34:55.389,699.99417,700.00583
GOOG,03.01.2014 00:34:56.694,699.99417,700.00583
GOOG,03.01.2014 00:34:57.975,699.99417,700.00583
GOOG,03.01.2014 00:34:59.218,699.99419,700.00581
GOOG,03.01.2014 00:35:00.590,699.99420,700.00580
GOOG,03.01.2014 00:35:01.905,699.99419,700.00581
GOOG,03.01.2014 00:35:03.470,699.99421,700.00579
GOOG,03.01.2014 00:35:04.786,699.99423,700.00577
GOOG,03.01.2014 00:35:06.183,699.99420,700.00580
GOOG,03.01.2014 00:35:07.903,699.99420,700.00580
GOOG,03.01.2014 00:35:09.270,699.99418,700.00582
GOOG,03.01.2014 00:35:10.590,699.99418,700.00582
GOOG,03.01.2014 00:35:12.088,699.99417,700.00583
GOOG,03.01.2014 00:35:13.422,699.99415,700.00585
GOOG,03.01.2014 00:35:14.890,699.99414,700.00586
GOOG,03.01.2014 00:35:16.367,699.99413,700.00587
GOOG,03.01.2014 00:35:17.726,699.99412,700.00588
GOOG,03.01.2014 00:35:19.241,699.99411,700.00589
GOOG,03.01.2014 00:35:20.594,699.99411,700.00589
GOOG,03.01.2014 00:35:22.002,699.99410,700.00590
GOOG,03.01.2014 00:35:23.256,699.99413,700.00587
GOOG,03.01.2014 00:35:24.562,699.99413,700.00587
GOOG,03.01.2014 00:35:26.033,699.99413,700.00587
GOOG,03.01.2014 00:35:27.400,699.99415,700.00585
GOOG,03.01.2014 00:35:28.728,699.99414,700.00586
GOOG,03.01.2014 00:35:30.295,699.99415,700.00585
GOOG,03.01.2014 00:35:31.679,699.99416,700.00584
GOOG,03.01.2014 00:35:33.131,699.99416,700.00584
GOOG,03.01.2014 00:35:34.632,699.99414,700.00586
GOOG,03.01.2014 00:35:35.919,699.99413,700.00587
GOOG,03.01.2014 00:35:37.207,699.99414,700.00586
GOOG,03.01.2014 00:35:38.662,699.99413,700.00587
GOOG,03.01.2014 00:35:40.068,699.99409,700.00591
GOOG,03.01.2014 00:35:41.369,699.99409,700.00591
GOOG,03.01.2014 00:35:42.696,699.99408,700.00592
GOOG,03.01.2014 00:35:44.086,699.99403,700.00597
GOOG,03.01.2014 00:35:45.311,699.99403,700.00597
GOOG,03.01.2014 00:35:46.852,699.99404,700.00596
GOOG,03.01.2014 00:35:48.138,699.99403,700.00597
GOOG,03.01.2014 00:35:49.477,699.99404,700.00596
GOOG,03.01.2014 00:35:51.005,699.99401,700.00599
GOOG,03.01.2014 00:35:52.592,699.99397,700.00603
GOOG,03.01.2014 00:35:53.813,699.99396,700.00604
GOOG,03.01.2014 00:35:55.071,699.99397,700.00603
GOOG,03.01.2014 00:35:56.320,699.99398,700.00602
GOOG,03.01.2014 00:35:57.758,699.99398,700.00602
GOOG,03.01.2014 00:35:59.194,699.99401,700.00599
GOOG,03.01.2014 00:36:00.554,699.99399,700.00601
GOOG,03.01.2014 00:36:02.140,699.99399,700.00601
GOOG,03.01.2014 00:36:03.585,699.99399,700.00601
GOOG,03.01.2014 00:36:04.889,699.99397,700.00603
GOOG,03.01.2014 00:36:06.267,699.99394,700.00606
GOOG,03.01.2014 00:36:07.561,699.99393,700.00607
GOOG,03.01.2014 00:36:09.124,699.99394,700.00606
GOOG,03.01.2014 00:36:10.517,699.99394,700.00606
GOOG,03.01.2014 00:36:11.895,699.99395,700.00605
GOOG,03.01.2014 00:36:13.154,699.99393,700.00607
GOOG,03.01.2014 00:36:14.570,699.99393,700.00607
GOOG,03.01.2014 00:36:15.792,699.99392,700.00608
GOOG,03.01.2014 00:36:17.366,699.99392,700.00608
GOOG,03.01.2014 00:36:18.865,699.99391,700.00609
GOOG,03.01.2014 00:36:20.139,699.99391,700.00609
GOOG,03.01.2014 00:36:21.430,699.99392,700.00608
GOOG,03.01.2014 00:36:22.807,699.99390,700.00610
GOOG,03.01.2014 00:36:24.239,699.99390,700.00610
GOOG,03.01.2014 00:36:25.513,699.99390,700.00610
GOOG,03.01.2014 00:36:26.924,699.99389,700.00611
GOOG,03.01.2014 00:36:28.285,699.99389,700.00611
GOOG,03.01.2014 00:36:29.739,699.99388,700.00612
GOOG,03.01.2014 00:36:31.322,699.99388,700.00612
GOOG,03.01.2014 00:36:32.742,699.99387,700.00613
GOOG,03.01.2014 00:36:34.080,699.99389,700.00611
GOOG,03.01.2014 00:36:35.484,699.99390,700.00610
GOOG,03.01.2014 00:36:36.891,699.99389,700.00611
GOOG,03.01.2014 00:36:38.352,699.99387,700.00613
GOOG,03.01.2014 00:36:39.656,699.99387,700.00613
GOOG,03.01.2014 00:36:40.979,699.99386,700.00614
GOOG,03.01.2014 00:36:42.417,699.99386,700.00614
GOOG,03.01.2014 00:36:43.966,699.99386,700.00614
GOOG,03.01.2014 00:36:45.348,699.99383,700.00617
GOOG,03.01.2014 00:36:46.624,699.99383,700.00617
GOOG,03.01.2014 00:36:47.817,699.99382,700.00618
GOOG,03.01.2014 00:36:49.284,699.99384,700.00616
GOOG,03.01.2014 00:36:50.850,699.99381,700.00619
GOOG,03.01.2014 00:36:52.032,699.99382,700.00618
GOOG,03.01.2014 00:36:53.601,699.99378,700.00622
GOOG,03.01.2014 00:36:54.989,699.99377,700.00623
GOOG,03.01.2014 00:36:56.353,699.99380,700.00620
GOOG,03.01.2014 00:36:57.768,699.99377,700.00623
GOOG,03.01.2014 00:36:59.039,699.99376,700.00624
GOOG,03.01.2014 00:37:00.631,699.99377,700.00623
GOOG,03.01.2014 00:37:02.074,699.99381,700.00619
GOOG,03.01.2014 00:37:03.505,699.99379,700.00621
GOOG,03.01.2014 00:37:04.826,699.99378,700.00622
GOOG,03.01.2014 00:37:06.328,699.99378,700.00622
GOOG,03.01.2014 00:37:08.033,699.99377,700.00623
GOOG,03.01.2014 00:37:09.278,699.99378,700.00622
GOOG,03.01.2014 00:37:10.824,699.99378,700.00622
GOOG,03.01.2014 00:37:12.081,699.99381,700.00619
GOOG,03.01.2014 00:37:13.537,699.99378,700.00622
GOOG,03.01.2014 00:37:14.892,699.99376,700.00624
GOOG,03.01.2014 00:37:16.093,699.99377,700.00623
GOOG,03.01.2014 00:37:17.566,699.99376,700.00624
GOOG,03.01.2014 00:37:18.873,699.99373,700.00627
GOOG,03.01.2014 00:37:20.162,699.99370,700.00630
GOOG,03.01.2014 00:37:21.649,699.99370,700.00630
GOOG,03.01.2014 00:37:23.037,699.99372,700.00628
GOOG,03.01.2014 00:37:24.349,699.99369,700.00631
GOOG,03.01.2014 00:37:25.670,699.99366,700.00634
GOOG,03.01.2014 00:37:27.130,699.99369,700.00631
GOOG,03.01.2014 00:37:28.607,699.99369,700.00631
GOOG,03.01.2014 00:37:29.886,699.99372,700.00628
GOOG,03.01.2014 00:37:31.338,699.99371,700.00629
GOOG,03.01.2014 00:37:32.647,699.99371,700.00629
GOOG,03.01.2014 00:37:34.116,699.99372,700.00628
GOOG,03.01.2014 00:37:35.510,699.99370,700.00630
GOOG,03.01.2014 00:37:36.891,699.99368,700.00632
GOOG,03.01.2014 00:37:38.262,699.99371,700.00629
GOOG,03.01.2014 00:37:39.594,699.99372,700.00628
GOOG,03.01.2014 00:37:40.887,699.99373,700.00627
GOOG,03.01.2014 00:37:42.126,699.99375,700.00625
GOOG,03.01.2014 00:37:43.689,699.99377,700.00623
GOOG,03.01.2014 00:37:45.038,699.99376,700.00624
GOOG,03.01.2014 00:37:46.404,699.99373,700.00627
GOOG,03.01.2014 00:37:47.735,699.99374,700.00626
GOOG,03.01.2014 00:37:49.037,699.99373,700.00627
GOOG,03.01.2014 00:37:50.372,699.99376,700.00624
GOOG,03.01.2014 00:37:51.856,699.99377,700.00623
GOOG,03.01.2014 00:37:53.305,699.99373,700.00627
GOOG,03.01.2014 00:37:54.765,699.99376,700.00624
GOOG,03.01.2014 00:37:56.082,699.99375,700.00625
GOOG,03.01.2014 00:37:57.458,699.99375,700.00625
GOOG,03.01.2014 00:37:58.752,699.99373,700.00627
GOOG,03.01.2014 00:38:00.109,699.99372,700.00628
GOOG,03.01.2014 00:38:01.585,699.99374,700.00626
GOOG,03.01.2014 00:38:03.113,699.99373,700.00627
GOOG,03.01.2014 00:38:04.448,699.99374,700.00626
GOOG,03.01.2014 00:38:05.706,699.99371,700.00629
GOOG,03.01.2014 00:38:07.241,699.99372,700.00628
GOOG,03.01.2014 00:38:08.652,699.99373,700.00627
GOOG,03.01.2014 00:38:10.029,699.99376,700.00624
GOOG,03.01.2014 00:38:11.505,699.99375,700.00625
GOOG,03.01.2014 00:38:12.885,699.99377,700.00623
GOOG,03.01.2014 00:38:14.310,699.99380,700.00620
GOOG,03.01.2014 00:38:15.648,699.99381,700.00619
GOOG,03.01.2014 00:38:16.923,699.99377,700.00623
GOOG,03.01.2014 00:38:18.294,699.99377,700.00623
GOOG,03.01.2014 00:38:19.769,699.99376,700.00624
GOOG,03.01.2014 00:38:21.081,699.99378,700.00622
GOOG,03.01.2014 00:38:22.417,699.99378,700.00622
GOOG,03.01.2014 00:38:23.750,699.99378,700.00622
GOOG,03.01.2014 00:38:25.198,699.99375,700.00625
GOOG,03.01.2014 00:38:26.743,699.99376,700.00624
GOOG,03.01.2014 00:38:28.166,699.99376,700.00624
GOOG,03.01.2014 00:38:29.384,699.99376,700.00624
GOOG,03.01.2014 00:38:30.699,699.99374,700.00626
GOOG,03.01.2014 00:38:32.164,699.99377,700.00623
GOOG,03.01.2014 00:38:33.549,699.99378,700.00622
GOOG,03.01.2014 00:38:35.051,699.99379,700.00621
GOOG,03.01.2014 00:38:36.517,699.99377,700.00623
GOOG,03.01.2014 00:38:37.832,699.99377,700.00623
GOOG,03.01.2014 00:38:39.276,699.99373,700.00627
GOOG,03.01.2014 00:38:40.741,699.99374,700.00626
GOOG,03.01.2014 00:38:42.436,699.99373,700.00627
GOOG,03.01.2014 00:38:44.007,699.99372,700.00628
GOOG,03.01.2014 00:38:45.422,699.99368,700.00632
GOOG,03.01.2014 00:38:46.558,699.99370,700.00630
GOOG,03.01.2014 00:38:48.120,699.99371,700.00629
GOOG,03.01.2014 00:38:49.339,699.99369,700.00631
GOOG,03.01.2014 00:38:50.757,699.99371,700.00629
GOOG,03.01.2014 00:38:52.262,699.99373,700.00627
GOOG,03.01.2014 00:38:53.516,699.99375,700.00625
GOOG,03.01.2014 00:38:55.063,699.99375,700.00625
GOOG,03.01.2014 00:38:56.449,699.99373,700.00627
GOOG,03.01.2014 00:38:57.864,699.99372,700.00628
GOOG,03.01.2014 00:38:59.290,699.99372,700.00628
GOOG,03.01.2014 00:39:00.805,699.99375,700.00625
GOOG,03.01.2014 00:39:02.236,699.99373,700.00627
GOOG,03.01.2014 00:39:03.790,699.99373,700.00627
GOOG,03.01.2014 00:39:05.042,699.99375,700.00625
GOOG,03.01.2014 00:39:06.586,699.99376,700.00624
GOOG,03.01.2014 00:39:08.176,699.99378,700.00622
GOOG,03.01.2014 00:39:09.529,699.99378,700.00622
GOOG,03.01.2014 00:39:10.838,699.99378,700.00622
GOOG,03.01.2014 00:39:12.309,699.99378,700.00622
GOOG,03.01.2014 00:39:13.852,699.99379,700.00621
GOOG,03.01.2014 00:39:15.309,699.99377,700.00623
GOOG,03.01.2014 00:39:16.659,699.99373,700.00627
GOOG,03.01.2014 00:39:18.114,699.99372,700.00628
GOOG,03.01.2014 00:39:19.469,699.99373,700.00627
GOOG,03.01.2014 00:39:20.910,699.99375,700.00625
GOOG,03.01.2014 00:39:22.251,699.99373,700.00627
GOOG,03.01.2014 00:39:23.688,699.99375,700.00625
GOOG,03.01.2014 00:39:25.161,699.99377,700.00623
GOOG,03.01.2014 00:39:26.483,699.99378,700.00622
GOOG,03.01.2014 00:39:27.895,699.99376,700.00624
GOOG,03.01.2014 00:39:29.314,699.99376,700.00624
GOOG,03.01.2014 00:39:30.543,699.99376,700.00624
GOOG,03.01.2014 00:39:32.021,699.99378,700.00622
GOOG,03.01.2014 00:39:33.493,699.99379,700.00621
GOOG,03.01.2014 00:39:34.878,699.99378,700.00622
GOOG,03.01.2014 00:39:36.159,699.99380,700.00620
GOOG,03.01.2014 00:39:37.573,699.99379,700.00621
GOOG,03.01.2014 00:39:39.054,699.99378,700.00622
GOOG,03.01.2014 00:39:40.376,699.99381,700.00619
GOOG,03.01.2014 00:39:41.783,699.99381,700.00619
GOOG,03.01.2014 00:39:43.066,699.99382,700.00618
GOOG,03.01.2014 00:39:44.358,699.99386,700.00614
GOOG,03.01.2014 00:39:45.765,699.99388,700.00612
GOOG,03.01.2014 00:39:47.028,699.99390,700.00610
GOOG,03.01.2014 00:39:48.202,699.99390,700.00610
GOOG,03.01.2014 00:39:49.462,699.99391,700.00609
GOOG,03.01.2014 00:39:50.863,699.99392,700.00608
GOOG,03.01.2014 00:39:52.151,699.99392,700.00608
GOOG,03.01.2014 00:39:53.421,699.99392,700.00608
GOOG,03.01.2014 00:39:54.872,699.99392,700.00608
GOOG,03.01.2014 00:39:56.309,699.99390,700.00610
GOOG,03.01.2014 00:39:57.680,699.99390,700.00610
GOOG,03.01.2014 00:39:59.201,699.99391,700.00609
GOOG,03.01.2014 00:40:00.702,699.99392,700.00608
GOOG,03.01.2014 00:40:01.977,699.99395,700.00605
GOOG,03.01.2014 00:40:03.564,699.99395,700.00605
GOOG,03.01.2014 00:40:04.729,699.99395,700.00605
GOOG,03.01.2014 00:40:06.170,699.99393,700.00607
GOOG,03.01.2014 00:40:07.362,699.99391,700.00609
GOOG,03.01.2014 00:40:08.742,699.99393,700.00607
GOOG,03.01.2014 00:40:10.185,699.99392,700.00608
GOOG,03.01.2014 00:40:11.594,699.99391,700.00609
GOOG,03.01.2014 00:40:12.950,699.99392,700.00608
GOOG,03.01.2014 00:40:14.368,699.99391,700.00609
GOOG,03.01.2014 00:40:15.800,699.99393,700.00607
GOOG,03.01.2014 00:40:17.180,699.99393,700.00607
GOOG,03.01.2014 00:40:18.649,699.99391,700.00609
GOOG,03.01.2014 00:40:20.179,699.99390,700.00610
GOOG,03.01.2014 00:40:21.604,699.99395,700.00605
GOOG,03.01.2014 00:40:22.926,699.99396,700.00604
GOOG,03.01.2014 00:40:24.352,699.99397,700.00603
GOOG,03.01.2014 00:40:25.833,699.99399,700.00601
GOOG,03.01.2014 00:40:27.156,699.99401,700.00599
GOOG,03.01.2014 00:40:28.442,699.99400,700.00600
GOOG,03.01.2014 00:40:29.985,699.99399,700.00601
GOOG,03.01.2014 00:40:31.325,699.99399,700.00601
GOOG,03.01.2014 00:40:32.742,699.99400,700.00600
GOOG,03.01.2014 00:40:34.134,699.99397,700.00603
GOOG,03.01.2014 00:40:35.549,699.99396,700.00604
GOOG,03.01.2014 00:40:37.009,699.99393,700.00607
GOOG,03.01.2014 00:40:38.463,699.99392,700.00608
GOOG,03.01.2014 00:40:39.961,699.99391,700.00609
GOOG,03.01.2014 00:40:41.149,699.99391,700.00609
GOOG,03.01.2014 00:40:42.530,699.99393,700.00607
GOOG,03.01.2014 00:40:43.989,699.99394,700.00606
GOOG,03.01.2014 00:40:45.305,699.99394,700.00606
GOOG,03.01.2014 00:40:46.647,699.99397,700.00603
GOOG,03.01.2014 00:40:47.890,699.99396,700.00604
GOOG,03.01.2014 00:40:49.226,699.99397,700.00603
GOOG,03.01.2014 00:40:50.746,699.99395,700.00605
GOOG,03.01.2014 00:40:52.129,699.99394,700.00606
GOOG,03.01.2014 00:40:53.390,699.99396,700.00604
GOOG,03.01.2014 00:40:54.812,699.99396,700.00604
GOOG,03.01.2014 00:40:56.129,699.99396,700.00604
GOOG,03.01.2014 00:40:57.659,699.99397,700.00603
GOOG,03.01.2014 00:40:59.073,699.99396,700.00604
GOOG,03.01.2014 00:41:00.710,699.99394,700.00606
GOOG,03.01.2014 00:41:02.034,699.99394,700.00606
GOOG,03.01.2014 00:41:03.335,699.99393,700.00607
GOOG,03.01.2014 00:41:04.925,699.99394,700.00606
GOOG,03.01.2014 00:41:06.126,699.99393,700.00607
GOOG,03.01.2014 00:41:07.434,699.99393,700.00607
GOOG,03.01.2014 00:41:08.877,699.99393,700.00607
GOOG,03.01.2014 00:41:10.282,699.99393,700.00607
GOOG,03.01.2014 00:41:11.708,699.99392,700.00608
GOOG,03.01.2014 00:41:13.089,699.99391,700.00609
GOOG,03.01.2014 00:41:14.357,699.99390,700.00610
GOOG,03.01.2014 00:41:15.580,699.99391,700.00609
GOOG,03.01.2014 00:41:16.887,699.99391,700.00609
GOOG,03.01.2014 00:41:18.251,699.99386,700.00614
GOOG,03.01.2014 00:41:19.701,699.99386,700.00614
GOOG,03.01.2014 00:41:21.172,699.99384,700.00616
GOOG,03.01.2014 00:41:22.608,699.99383,700.00617
GOOG,03.01.2014 00:41:24.248,699.99384,700.00616
GOOG,03.01.2014 00:41:25.439,699.99387,700.00613
GOOG,03.01.2014 00:41:27.009,699.99385,700.00615
GOOG,03.01.2014 00:41:28.317,699.99382,700.00618
GOOG,03.01.2014 00:41:29.571,699.99385,700.00615
GOOG,03.01.2014 00:41:30.910,699.99384,700.00616
GOOG,03.01.2014 00:41:32.467,699.99384,700.00616
GOOG,03.01.2014 00:41:33.810,699.99387,700.00613
GOOG,03.01.2014 00:41:35.324,699.99385,700.00615
GOOG,03.01.2014 00:41:36.750,699.99384,700.00616
GOOG,03.01.2014 00:41:38.132,699.99383,700.00617
GOOG,03.01.2014 00:41:39.450,699.99382,700.00618
GOOG,03.01.2014 00:41:40.717,699.99384,700.00616
GOOG,03.01.2014 00:41:42.169,699.99383,700.00617
GOOG,03.01.2014 00:41:43.553,699.99380,700.00620
GOOG,03.01.2014 00:41:44.803,699.99382,700.00618
GOOG,03.01.2014 00:41:46.245,699.99382,700.00618
GOOG,03.01.2014 00:41:47.627,699.99384,700.00616
GOOG,03.01.2014 00:41:49.061,699.99382,700.00618
GOOG,03.01.2014 00:41:50.437,699.99382,700.00618
GOOG,03.01.2014 00:41:51.897,699.99381,700.00619
GOOG,03.01.2014 00:41:53.483,699.99378,700.00622
GOOG,03.01.2014 00:41:54.854,699.99377,700.00623
GOOG,03.01.2014 00:41:56.145,699.99376,700.00624
GOOG,03.01.2014 00:41:57.438,699.99377,700.00623
GOOG,03.01.2014 00:41:58.754,699.99380,700.00620
GOOG,03.01.2014 00:42:00.009,699.99379,700.00621
GOOG,03.01.2014 00:42:01.485,699.99376,700.00624
GOOG,03.01.2014 00:42:02.855,699.99379,700.00621
GOOG,03.01.2014 00:42:04.188,699.99378,700.00622
GOOG,03.01.2014 00:42:05.714,699.99381,700.00619
GOOG,03.01.2014 00:42:06.854,699.99381,700.00619
GOOG,03.01.2014 00:42:08.499,699.99382,700.00618
GOOG,03.01.2014 00:42:09.843,699.99381,700.00619
GOOG,03.01.2014 00:42:11.268,699.99383,700.00617
GOOG,03.01.2014 00:42:12.727,699.99385,700.00615
GOOG,03.01.2014 00:42:14.256,699.99386,700.00614
GOOG,03.01.2014 00:42:15.670,699.99386,700.00614
GOOG,03.01.2014 00:42:17.226,699.99385,700.00615
GOOG,03.01.2014 00:42:18.588,699.99384,700.00616
GOOG,03.01.2014 00:42:19.908,699.99385,700.00615
GOOG,03.01.2014 00:42:21.401,699.99386,700.00614
GOOG,03.01.2014 00:42:22.852,699.99384,700.00616
GOOG,03.01.2014 00:42:24.218,699.99384,700.00616
GOOG,03.01.2014 00:42:25.628,699.99385,700.00615
GOOG,03.01.2014 00:42:26.974,699.99383,700.00617
GOOG,03.01.2014 00:42:28.343,699.99384,700.00616
GOOG,03.01.2014 00:42:29.785,699.99384,700.00616
GOOG,03.01.2014 00:42:31.270,699.99387,700.00613
GOOG,03.01.2014 00:42:32.728,699.99391,700.00609
GOOG,03.01.2014 00:42:34.241,699.99388,700.00612
GOOG,03.01.2014 00:42:35.413,699.99386,700.00614
GOOG,03.01.2014 00:42:36.813,699.99386,700.00614
GOOG,03.01.2014 00:42:38.169,699.99388,700.00612
GOOG,03.01.2014 00:42:39.590,699.99389,700.00611
GOOG,03.01.2014 00:42:40.987,699.99389,700.00611
GOOG,03.01.2014 00:42:42.479,699.99389,700.00611
GOOG,03.01.2014 00:42:43.830,699.99389,700.00611
GOOG,03.01.2014 00:42:45.158,699.99390,700.00610
GOOG,03.01.2014 00:42:46.727,699.99390,700.00610
GOOG,03.01.2014 00:42:48.141,699.99388,700.00612
GOOG,03.01.2014 00:42:49.645,699.99387,700.00613
GOOG,03.01.2014 00:42:51.139,699.99386,700.00614
GOOG,03.01.2014 00:42:52.502,699.99385,700.00615
GOOG,03.01.2014 00:42:53.638,699.99384,700.00616
GOOG,03.01.2014 00:42:54.973,699.99383,700.00617
GOOG,03.01.2014 00:42:56.250,699.99381,700.00619
GOOG,03.01.2014 00:42:57.525,699.99383,700.00617
GOOG,03.01.2014 00:42:58.841,699.99382,700.00618
GOOG,03.01.2014 00:43:00.228,699.99379,700.00621
GOOG,03.01.2014 00:43:01.630,699.99378,700.00622
GOOG,03.01.2014 00:43:03.068,699.99378,700.00622
GOOG,03.01.2014 00:43:04.349,699.99378,700.00622
GOOG,03.01.2014 00:43:05.556,699.99377,700.00623
GOOG,03.01.2014 00:43:06.979,699.99381,700.00619
GOOG,03.01.2014 00:43:08.689,699.99383,700.00617
GOOG,03.01.2014 00:43:09.869,699.99383,700.00617
GOOG,03.01.2014 00:43:11.130,699.99384,700.00616
GOOG,03.01.2014 00:43:12.783,699.99384,700.00616
GOOG,03.01.2014 00:43:14.154,699.99385,700.00615
GOOG,03.01.2014 00:43:15.661,699.99385,700.00615
GOOG,03.01.2014 00:43:17.136,699.99386,700.00614
GOOG,03.01.2014 00:43:18.747,699.99386,700.00614
GOOG,03.01.2014 00:43:20.259,699.99384,700.00616
GOOG,03.01.2014 00:43:21.878,699.99382,700.00618
GOOG,03.01.2014 00:43:23.184,699.99383,700.00617
GOOG,03.01.2014 00:43:24.653,699.99384,700.00616
GOOG,03.01.2014 00:43:25.971,699.99384,700.00616
GOOG,03.01.2014 00:43:27.405,699.99385,700.00615
GOOG,03.01.2014 00:43:28.694,699.99386,700.00614
GOOG,03.01.2014 00:43:30.112,699.99386,700.00614
GOOG,03.01.2014 00:43:31.462,699.99387,700.00613
GOOG,03.01.2014 00:43:32.780,699.99386,700.00614
GOOG,03.01.2014 00:43:34.149,699.99386,700.00614
GOOG,03.01.2014 00:43:35.434,699.99386,700.00614
GOOG,03.01.2014 00:43:36.936,699.99386,700.00614
GOOG,03.01.2014 00:43:38.252,699.99387,700.00613
GOOG,03.01.2014 00:43:39.658,699.99384,700.00616
GOOG,03.01.2014 00:43:41.046,699.99383,700.00617
GOOG,03.01.2014 00:43:42.415,699.99381,700.00619
GOOG,03.01.2014 00:43:43.848,699.99379,700.00621
GOOG,03.01.2014 00:43:45.224,699.99377,700.00623
GOOG,03.01.2014 00:43:46.848,699.99376,700.00624
GOOG,03.01.2014 00:43:48.207,699.99375,700.00625
GOOG,03.01.2014 00:43:49.705,699.99376,700.00624
GOOG,03.01.2014 00:43:51.200,699.99375,700.00625
GOOG,03.01.2014 00:43:52.715,699.99374,700.00626
GOOG,03.01.2014 00:43:54.173,699.99377,700.00623
GOOG,03.01.2014 00:43:55.593,699.99379,700.00621
GOOG,03.01.2014 00:43:56.995,699.99379,700.00621
GOOG,03.01.2014 00:43:58.580,699.99381,700.00619
GOOG,03.01.2014 00:43:59.861,699.99384,700.00616
GOOG,03.01.2014 00:44:01.238,699.99385,700.00615
GOOG,03.01.2014 00:44:02.731,699.99384,700.00616
GOOG,03.01.2014 00:44:03.954,699.99384,700.00616
GOOG,03.01.2014 00:44:05.192,699.99386,700.00614
GOOG,03.01.2014 00:44:06.447,699.99386,700.00614
GOOG,03.01.2014 00:44:07.912,699.99385,700.00615
GOOG,03.01.2014 00:44:09.456,699.99384,700.00616
GOOG,03.01.2014 00:44:10.810,699.99381,700.00619
GOOG,03.01.2014 00:44:12.193,699.99380,700.00620
GOOG,03.01.2014 00:44:13.724,699.99381,700.00619
GOOG,03.01.2014 00:44:15.223,699.99380,700.00620
GOOG,03.01.2014 00:44:16.668,699.99376,700.00624
GOOG,03.01.2014 00:44:18.048,699.99378,700.00622
GOOG,03.01.2014 00:44:19.451,699.99378,700.00622
GOOG,03.01.2014 00:44:20.905,699.99380,700.00620
GOOG,03.01.2014 00:44:22.425,699.99381,700.00619
GOOG,03.01.2014 00:44:23.825,699.99383,700.00617
GOOG,03.01.2014 00:44:25.332,699.99384,700.00616
GOOG,03.01.2014 00:44:26.676,699.99383,700.00617
GOOG,03.01.2014 00:44:27.996,699.99383,700.00617
GOOG,03.01.2014 00:44:29.306,699.99384,700.00616
GOOG,03.01.2014 00:44:30.699,699.99385,700.00615
GOOG,03.01.2014 00:44:32.104,699.99384,700.00616
GOOG,03.01.2014 00:44:33.418,699.99384,700.00616
GOOG,03.01.2014 00:44:34.759,699.99383,700.00617
GOOG,03.01.2014 00:44:36.213,699.99380,700.00620
GOOG,03.01.2014 00:44:37.645,699.99380,700.00620
GOOG,03.01.2014 00:44:38.884,699.99377,700.00623
GOOG,03.01.2014 00:44:40.369,699.99377,700.00623
GOOG,03.01.2014 00:44:41.753,699.99378,700.00622
GOOG,03.01.2014 00:44:43.252,699.99377,700.00623
GOOG,03.01.2014 00:44:44.489,699.99378,700.00622
GOOG,03.01.2014 00:44:45.877,699.99378,700.00622
GOOG,03.01.2014 00:44:47.248,699.99374,700.00626
GOOG,03.01.2014 00:44:48.629,699.99374,700.00626
GOOG,03.01.2014 00:44:49.922,699.99371,700.00629
GOOG,03.01.2014 00:44:51.192,699.99368,700.00632
GOOG,03.01.2014 00:44:52.711,699.99373,700.00627
GOOG,03.01.2014 00:44:54.098,699.99373,700.00627
GOOG,03.01.2014 00:44:55.339,699.99372,700.00628
GOOG,03.01.2014 00:44:56.737,699.99373,700.00627
GOOG,03.01.2014 00:44:58.220,699.99375,700.00625
GOOG,03.01.2014 00:44:59.482,699.99375,700.00625
GOOG,03.01.2014 00:45:00.802,699.99375,700.00625
GOOG,03.01.2014 00:45:02.074,699.99376,700.00624
GOOG,03.01.2014 00:45:03.495,699.99375,700.00625
GOOG,03.01.2014 00:45:04.895,699.99372,700.00628
GOOG,03.01.2014 00:45:06.179,699.99372,700.00628
GOOG,03.01.2014 00:45:07.662,699.99373,700.00627
GOOG,03.01.2014 00:45:09.028,699.99374,700.00626
GOOG,03.01.2014 00:45:10.329,699.99372,700.00628
GOOG,03.01.2014 00:45:11.871,699.99374,700.00626
GOOG,03.01.2014 00:45:13.237,699.99374,700.00626
GOOG,03.01.2014 00:45:14.687,699.99374,700.00626
GOOG,03.01.2014 00:45:15.943,699.99375,700.00625
GOOG,03.01.2014 00:45:17.324,699.99373,700.00627
GOOG,03.01.2014 00:45:18.590,699.99374,700.00626
GOOG,03.01.2014 00:45:19.938,699.99373,700.00627
GOOG,03.01.2014 00:45:21.343,699.99375,700.00625
GOOG,03.01.2014 00:45:22.746,699.99377,700.00623
GOOG,03.01.2014 00:45:24.179,699.99376,700.00624
GOOG,03.01.2014 00:45:25.442,699.99377,700.00623
GOOG,03.01.2014 00:45:26.882,699.99380,700.00620
GOOG,03.01.2014 00:45:28.359,699.99379,700.00621
GOOG,03.01.2014 00:45:29.797,699.99379,700.00621
GOOG,03.01.2014 00:45:31.154,699.99377,700.00623
GOOG,03.01.2014 00:45:32.529,699.99377,700.00623
GOOG,03.01.2014 00:45:33.714,699.99376,700.00624
GOOG,03.01.2014 00:45:35.110,699.99379,700.00621
GOOG,03.01.2014 00:45:36.498,699.99377,700.00623
GOOG,03.01.2014 00:45:37.927,699.99378,700.00622
GOOG,03.01.2014 00:45:39.253,699.99378,700.00622
GOOG,03.01.2014 00:45:40.748,699.99378,700.00622
GOOG,03.01.2014 00:45:42.155,699.99378,700.00622
GOOG,03.01.2014 00:45:43.540,699.99377,700.00623
GOOG,03.01.2014 00:45:44.899,699.99374,700.00626
GOOG,03.01.2014 00:45:46.308,699.99375,700.00625
GOOG,03.01.2014 00:45:47.741,699.99373,700.00627
GOOG,03.01.2014 00:45:49.285,699.99375,700.00625
GOOG,03.01.2014 00:45:50.634,699.99374,700.00626
GOOG,03.01.2014 00:45:52.221,699.99371,700.00629
GOOG,03.01.2014 00:45:53.528,699.99372,700.00628
GOOG,03.01.2014 00:45:54.995,699.99371,700.00629
GOOG,03.01.2014 00:45:56.376,699.99370,700.00630
GOOG,03.01.2014 00:45:57.822,699.99369,700.00631
GOOG,03.01.2014 00:45:59.152,699.99367,700.00633
GOOG,03.01.2014 00:46:00.625,699.99365,700.00635
GOOG,03.01.2014 00:46:02.105,699.99364,700.00636
GOOG,03.01.2014 00:46:03.456,699.99363,700.00637
GOOG,03.01.2014 00:46:04.773,699.99364,700.00636
GOOG,03.01.2014 00:46:06.049,699.99366,700.00634
GOOG,03.01.2014 00:46:07.471,699.99368,700.00632
GOOG,03.01.2014 00:46:08.645,699.99367,700.00633
GOOG,03.01.2014 00:46:09.993,699.99368,700.00632
GOOG,03.01.2014 00:46:11.408,699.99364,700.00636
GOOG,03.01.2014 00:46:12.804,699.99363,700.00637
GOOG,03.01.2014 00:46:14.295,699.99361,700.00639
GOOG,03.01.2014 00:46:15.757,699.99358,700.00642
GOOG,03.01.2014 00:46:17.278,699.99357,700.00643
GOOG,03.01.2014 00:46:18.602,699.99358,700.00642
GOOG,03.01.2014 00:46:20.099,699.99358,700.00642
GOOG,03.01.2014 00:46:21.500,699.99361,700.00639
GOOG,03.01.2014 00:46:22.809,699.99360,700.00640
GOOG,03.01.2014 00:46:24.363,699.99359,700.00641
GOOG,03.01.2014 00:46:25.874,699.99357,700.00643
GOOG,03.01.2014 00:46:27.295,699.99356,700.00644
GOOG,03.01.2014 00:46:28.655,699.99355,700.00645
GOOG,03.01.2014 00:46:30.019,699.99359,700.00641
GOOG,03.01.2014 00:46:31.469,699.99356,700.00644
GOOG,03.01.2014 00:46:32.888,699.99358,700.00642
GOOG,03.01.2014 00:46:34.404,699.99356,700.00644
GOOG,03.01.2014 00:46:35.800,699.99357,700.00643
GOOG,03.01.2014 00:46:37.327,699.99357,700.00643
GOOG,03.01.2014 00:46:38.841,699.99356,700.00644
GOOG,03.01.2014 00:46:40.185,699.99355,700.00645
GOOG,03.01.2014 00:46:41.638,699.99356,700.00644
GOOG,03.01.2014 00:46:43.035,699.99355,700.00645
GOOG,03.01.2014 00:46:44.671,699.99354,700.00646
GOOG,03.01.2014 00:46:45.973,699.99352,700.00648
GOOG,03.01.2014 00:46:47.309,699.99353,700.00647
GOOG,03.01.2014 00:46:48.631,699.99354,700.00646
GOOG,03.01.2014 00:46:50.002,699.99355,700.00645
GOOG,03.01.2014 00:46:51.506,699.99355,700.00645
GOOG,03.01.2014 00:46:52.995,699.99356,700.00644
GOOG,03.01.2014 00:46:54.449,699.99354,700.00646
GOOG,03.01.2014 00:46:55.852,699.99355,700.00645
GOOG,03.01.2014 00:46:57.343,699.99354,700.00646
GOOG,03.01.2014 00:46:58.865,699.99354,700.00646
GOOG,03.01.2014 00:47:00.263,699.99352,700.00648
GOOG,03.01.2014 00:47:01.535,699.99351,700.00649
GOOG,03.01.2014 00:47:02.844,699.99352,700.00648
GOOG,03.01.2014 00:47:04.282,699.99352,700.00648
GOOG,03.01.2014 00:47:05.571,699.99353,700.00647
GOOG,03.01.2014 00:47:07.028,699.99353,700.00647
GOOG,03.01.2014 00:47:08.349,699.99355,700.00645
GOOG,03.01.2014 00:47:09.796,699.99350,700.00650
GOOG,03.01.2014 00:47:11.073,699.99350,700.00650
GOOG,03.01.2014 00:47:12.583,699.99350,700.00650
GOOG,03.01.2014 00:47:13.995,699.99351,700.00649
GOOG,03.01.2014 00:47:15.370,699.99353,700.00647
GOOG,03.01.2014 00:47:16.773,699.99353,700.00647
GOOG,03.01.2014 00:47:18.213,699.99352,700.00648
GOOG,03.01.2014 00:47:19.506,699.99351,700.00649
GOOG,03.01.2014 00:47:20.812,699.99352,700.00648
GOOG,03.01.2014 00:47:21.970,699.99354,700.00646
GOOG,03.01.2014 00:47:23.374,699.99357,700.00643
GOOG,03.01.2014 00:47:24.702,699.99359,700.00641
GOOG,03.01.2014 00:47:26.194,699.99364,700.00636
GOOG,03.01.2014 00:47:27.575,699.99365,700.00635
GOOG,03.01.2014 00:47:28.902,699.99365,700.00635
GOOG,03.01.2014 00:47:30.162,699.99367,700.00633
GOOG,03.01.2014 00:47:31.509,699.99368,700.00632
